1790 2677
992 173 1039 209 24

415 262 574 295 mentum
612 257 726 295 habeo
757 259 917 295 *formam
950 259 1179 296 Homericam
1211 258 1420 308 πωλεύμην.
1470 260 1622 297 Formas

417 321 536 352 autem
562 317 850 361 ἐκπαγλεόμενος
875 321 910 352 et
934 317 1174 362 μετρεόμενος
1198 317 1314 353 eidem
1340 318 1542 363 astringere
1568 329 1621 354 re-

416 373 523 419 gulae,
549 373 808 419 aequabilitatis
835 385 964 410 caussa
991 373 1188 421 optandum
1214 377 1303 410 erat.
1345 374 1393 410 At
1413 373 1521 421 enim,
1541 385 1618 411 cum

414 443 486 467 non
506 432 624 468 minus
644 432 759 468 tribus
778 432 816 468 in
836 432 925 468 locis
938 425 1161 478 unaquaeque
1176 432 1284 468 obvia
1297 432 1372 479 fiat,
1386 432 1621 479 excipiendas

414 499 477 524 eas
503 493 610 533 atque
638 489 684 523 ad
716 499 900 524 numerum
927 499 1070 534 semper
1094 489 1291 524 solutarum
1311 489 1520 524 referendas
1539 500 1620 524 cen-

415 556 489 590 seo,
521 545 722 591 praesertim
756 556 834 580 cum
866 556 908 581 eo
942 557 964 580 a
989 545 1118 581 ceteris
1144 545 1325 591 differant,
1351 545 1447 591 quod
1471 549 1556 581 ante
1581 546 1622 580 li-

414 602 560 648 quidam
594 602 746 638 alteram
785 602 920 639 habent
952 606 1223 639 consonantem.
1272 604 1321 638 II.
1347 607 1431 648 post
1454 603 1622 648 liquidam

414 672 444 701 ν,
470 660 532 695 ubi
555 660 672 695 altera
688 661 860 704 praecedit
883 672 1090 696 consonans.
1126 660 1305 705 Exempla
1321 663 1404 695 sunt
1418 659 1624 704 ἱκνεύμενος

413 717 582 762 (quater),
615 716 778 761 -εόμενος
802 716 939 762 (8:ies);
976 714 1192 763 ἄρνεύμενος
1216 716 1313 763 (bis),
1339 716 1501 761 -εόμενος
1525 717 1621 763 (ter),

414 771 682 817 ὑπισχεύμενος
720 774 816 820 (ter),
855 773 1015 818 -εόμενος
1040 773 1197 819 (semel);
1230 777 1343 809 cetera
1366 777 1489 809 autem·
1504 775 1619 816 verba,

413 831 474 865 ubi
504 831 637 866 vocalis
668 843 689 865 ν
713 832 894 876 praecedit,
927 829 1167 876 ἀγινεόμενος,
1198 830 1419 875 αἰνεόμενος,
1444 830 1620 866 διακινεό-

413 899 533 931 μενος,
567 885 765 931 αἰνεόμενος
788 889 905 923 soluta
929 891 1117 924 remanent.
1168 888 1236 922 ΙΙΙ.
1263 891 1345 932 post
1377 899 1408 931 γ.
1446 887 1623 932 Exempla

415 947 498 979 sunt
541 944 836 993 ναυπηγεύμενος
880 944 983 991 (bis);
1034 943 1229 993 ἡγεύμενος
1274 945 1448 991 (quater),
1491 944 1621 993 -εύμην

415 1003 570 1049 (semel),
607 1003 770 1048 -εόμενος
800 1003 954 1050 (13:ics),
991 1006 1110 1047 -ἑομαι
1142 1003 1300 1049 (semel);
1333 1001 1623 1047 ἀπολογεύμενος

416 1060 574 1105 (semel).
1589 1097 1600 1108 .

508 1126 662 1171 Reliqua
698 1130 781 1162 sunt
821 1126 957 1172 aliquot
995 1127 1116 1173 verba,
1149 1137 1193 1162 ea
1226 1137 1366 1172 nempe,
1392 1137 1471 1172 quae
1497 1130 1581 1162 ante
1606 1138 1624 1161 ε

414 1187 657 1220 consonantes
683 1186 723 1230 θ,
750 1198 791 1230 π,
816 1197 854 1230 μ,
879 1185 901 1219 δ
926 1184 1093 1220 habeant.
1137 1184 1310 1226 Quamvis
1335 1184 1497 1220 codicum
1523 1184 1623 1220 testi-

414 1241 538 1276 monio
564 1241 736 1276 vacillent
761 1242 819 1276 vel
845 1241 1116 1287 contrahantur,
1142 1245 1263 1277 tamen
1289 1241 1442 1277 solutam
1468 1241 1620 1277 formam

412 1297 614 1342 legitimam
641 1298 760 1343 credo,
786 1309 850 1343 pro
874 1302 972 1333 certo
998 1302 1118 1334 autem
1138 1298 1319 1333 affirmare
1336 1298 1381 1333 ob
1401 1298 1619 1343 paucitatem

413 1355 661 1400 exemplorum
688 1365 760 1390 non
786 1354 913 1390 audeo.

511 1421 622 1457 Primi
646 1421 791 1467 generis
806 1422 864 1469 (θ)
879 1425 961 1458 sunt
976 1421 1073 1468 apud
1086 1421 1307 1458 Herodotum
1321 1422 1445 1469 formae
1459 1419 1619 1467 ὠθεύμε-

412 1492 472 1520 νος
506 1480 659 1526 (semel)‚
698 1480 861 1524 -εόμενος
898 1481 1051 1526 (semel),
1086 1480 1317 1524 μυθεύμενος
1349 1480 1500 1526 (semel),
1532 1492 1620 1526 προ-

411 1534 644 1583 μηθεόμενος
682 1538 777 1582 (ter).
828 1537 1006 1572 Numerus
1044 1537 1240 1572 solutarum
1275 1536 1386 1581 igitur
1415 1536 1622 1581 formarum,

412 1593 444 1628 si
481 1603 553 1628 non
585 1593 748 1639 multum,
782 1596 819 1628 at
852 1592 990 1638 aliquid
1021 1593 1205 1639 praevalet,
1239 1597 1346 1639 atque
1371 1604 1450 1629 cum
1476 1592 1622 1639 partici-

412 1650 510 1695 pium
529 1652 872 1695 παραμυθευμένων
892 1652 929 1685 ,2.
947 1651 1042 1684 121δ
1061 1650 1342 1685 contractionem
1364 1650 1489 1686 formis
1505 1659 1617 1696 προσ-

412 1707 633 1750 ποιεύμενον
658 1710 694 1741 et
715 1709 1045 1754 προσποιευμένην,
1071 1718 1149 1752 quae
1175 1707 1282 1752 paulo
1309 1707 1405 1742 infra
1429 1707 1467 1741 in
1493 1707 1618 1742 eodem

411 1764 536 1800 insunt
567 1763 698 1810 capite,
737 1762 867 1799 debere
900 1763 1079 1810 videatur,
1110 1775 1176 1800 nec
1207 1764 1304 1811 apud
1329 1765 1522 1801 Homerum
1548 1764 1618 1800 nisi

411 1822 531 1857 soluta
570 1823 758 1866 μυθέομαι
795 1825 830 1856 et
862 1821 1075 1869 ἐμυθεόμην
1104 1821 1292 1868 exsistant,
1318 1822 1618 1858 verisimillimum

411 1882 478 1924 est,
504 1877 563 1913 hic
587 1877 742 1913 solutam
774 1878 888 1913 solam
915 1889 994 1914 esse
1015 1879 1152 1925 ¹justam
1178 1878 1341 1914 formam.

505 1946 729 2001 λυπεύμεναι
766 1946 898 1992 legitur
936 1951 969 1983 9.
1002 1951 1057 1993 94,
1091 1950 1217 1983 contra
1247 1946 1471 1992 λυπεόμενος
1501 1951 1536 1983 8.
1563 1951 1617 1982 90.

411 2006 551 2040 Forsan
577 2004 695 2038 forma
719 2007 905 2039 contracta
932 2003 979 2039 sit
1005 2003 1249 2049 dissolvenda,
1275 2003 1323 2038 ad
1345 2003 1617 2039 similitudinem

410 2072 533 2098 eorum
558 2060 759 2107 verborum,
789 2071 866 2106 quae
892 2075 912 2096 κ
937 2060 995 2097 vel
1019 2074 1040 2096 τ
1065 2064 1149 2097 ante
1175 2072 1192 2096 ε
1216 2059 1360 2096 habent.

503 2129 645 2162 Formae
671 2130 978 2173 προθυμευμένου
998 2128 1197 2163 contractio
1217 2139 1314 2172 aegre
1332 2128 1478 2163 defendi
1498 2131 1617 2172 potest

408 2188 536 2221 contra
561 2183 874 2231 προθυμεόμενος,
900 2184 996 2231 quod
1021 2184 1177 2230 quinque
1203 2183 1240 2219 in
1266 2183 1355 2220 locis
1378 2183 1521 2230 legitur.
