1642 2677
602 593 757 628 CAPUT
785 595 815 628 1.

240 704 290 744 De
316 716 488 744 concursu
513 703 647 744 vocalis
672 719 689 741 ε
712 716 794 762 oum
819 705 984 757 sequenti
1010 720 1028 742 ο
1053 708 1091 744 et
1116 720 1168 747 ου,

204 809 310 844 Haud
341 809 446 854 pauci
484 813 566 844 sunt
598 809 693 855 apud
724 809 941 845 Herodotum
973 810 1053 855 loci,
1090 810 1149 845 ubi
1182 810 1306 845 formae

111 867 178 901 huc
216 866 413 901 referendae
446 871 642 901 occurrunt.
693 867 735 901 In
765 867 872 911 longe
903 867 1065 912 plurimis
1098 867 1245 912 syllabae
1271 878 1309 901 εο

111 928 145 958 et
171 935 232 957 εον
259 923 441 958 dissolutae
468 928 623 958 manent.
670 924 879 959 Contractior
901 928 1018 959 autem
1037 924 1229 959 earundem
1248 935 1307 958 vo-

110 980 240 1016 calium
273 980 310 1015 in
342 993 382 1015 ευ
416 980 635 1025 frequentior
668 986 721 1016 est
754 992 857 1026 quam
892 992 969 1026 quae
996 981 1125 1026 ubique
1150 981 1309 1016 librariis

106 1038 187 1082 jure
213 1037 382 1082 imputari
417 1038 540 1083 possit.
590 1038 628 1073 Si
660 1038 781 1073 formae
814 1042 1006 1073 contractae
1038 1039 1074 1073 in
1101 1039 1207 1073 certis
1233 1038 1307 1083 qui-

111 1094 260 1128 busdam
293 1094 411 1129 verbis
440 1095 592 1130 fuissent
618 1099 653 1130 et
679 1095 714 1130 in
741 1095 904 1130 omnibus
929 1095 1089 1141 ejusdem
1115 1095 1215 1130 verbi
1240 1094 1308 1130 for-

111 1151 190 1196 mis,
217 1162 295 1186 cum
322 1156 443 1186 cetera
468 1152 578 1187 verba
597 1153 868 1187 dissolutionem
887 1153 1003 1187 ubivis
1021 1156 1307 1197 conservassent,

110 1207 282 1253 perfacile
302 1208 429 1243 fuisset
447 1209 603 1254 regulas,
625 1209 685 1244 ubi
707 1209 811 1254 solvi,
829 1209 888 1244 ubi
908 1209 1072 1244 contrahi
1090 1212 1308 1255 opporteret,

111 1269 279 1300 statuere.
332 1265 418 1300 Cum
455 1276 541 1301 vero
573 1277 645 1301 non
677 1266 783 1302 modo
815 1266 853 1301 in
885 1266 1011 1302 eodem
1036 1266 1157 1312 verb0‚
1183 1265 1307 1302 sedin

113 1323 248 1358 eisdem
275 1323 375 1358 verbi
401 1324 536 1368 formis,
563 1323 705 1358 codices
731 1327 935 1358 contractas
957 1328 996 1362 et
1021 1324 1157 1358 solutas
1177 1324 1310 1358 formas

112 1380 312 1426 promiscue
350 1385 532 1426 usurpent,
569 1380 666 1415 velut
705 1383 892 1420 ποιέοντος
930 1382 1129 1423 ποιεῦντος,
1167 1380 1311 1416 ἐποίεον

111 1438 270 1480 ἐποίευν,
304 1438 517 1481 ἱκνευμένως
543 1438 766 1482 ἱκνεομένως,
799 1449 856 1474 res
881 1438 978 1474 haud
1003 1438 1125 1484 parvis
1150 1438 1310 1484 implica-

112 1499 170 1530 tur
196 1494 478 1530 difficultatibus.
529 1495 625 1536 Quas
651 1495 857 1541 priusquam
887 1495 965 1541 ipse
988 1495 1169 1531 dimovere
1193 1506 1336 1541 eoner,.

114 1553 291 1597 quomodo
330 1552 466 1598 aliquot
505 1563 639 1598 eorum,
676 1553 736 1598 qui
768 1557 851 1588 ante
884 1564 940 1588 me
973 1553 1064 1589 hanc
1096 1553 1211 1599 ipsam
1238 1564 1310 1589 rem

114 1614 370 1656 tractaverunt,
397 1611 538 1646 obviam
565 1611 610 1646 iis
636 1611 754 1657 ierint,
778 1622 967 1657 exponam.

207 1669 259 1703 Ac
285 1668 437 1713 primum
464 1668 607 1712 quidem
634 1668 802 1712 Dindorf.
828 1668 953 1702 vir-de
980 1668 1134 1703 dialecto
1152 1668 1310 1702 Herodo-

82 1762 85 1764 ,
113 1728 173 1760 tea
198 1725 459 1770 meritissimus,
485 1725 617 1771 quippe
643 1725 702 1771 qui
728 1725 931 1760 universam
961 1736 1041 1760 eam
1067 1725 1234 1771 princeps
1260 1724 1311 1760 di-

115 1783 268 1827 gesserit
306 1787 341 1818 et
380 1783 417 1817 in
449 1783 609 1818 ordinem
644 1783 836 1827 redegerit,
868 1787 906 1816 ut
938 1782 975 1816 in
1008 1782 1137 1817 ceteris
1163 1794 1240 1827 quae
1266 1782 1313 1816 ad

116 1839 308 1873 dialectum
335 1839 515 1884 pertinent
540 1839 645 1873 rebus
670 1843 803 1873 certam
822 1838 1077 1883 definitamque
1097 1838 1311 1873 sententiam

115 1899 239 1941 aperte
271 1895 390 1940 eloqui
429 1906 498 1930 non
531 1895 681 1942 dubitat,
719 1896 770 1931 sic
803 1895 860 1930 hic
892 1895 1018 1930 timide
1049 1895 1196 1941 recedit,
1226 1895 1312 1941 quid

118 1952 250 1989 sentiat
276 1958 372 1989 certe
398 1953 582 1989 declarare
607 1954 732 1989 nolens
757 1957 792 1989 et
810 1953 856 1989 ad
874 1953 1098 1999 conjecturas
1119 1953 1311 1999 refugiens.

118 2010 243 2046 Liceat
278 2011 365 2045 mihi
398 2011 475 2056 ejus
508 2011 621 2056 ipsius
652 2011 703 2046 uti
735 2010 863 2045 verbis.
915 2010 1093 2056 »Syllabis
1119 2022 1156 2045 εο
1181 2014 1216 2045 et
1241 2022 1313 2054 εου,

119 2071 156 2103 ut
188 2067 225 2103 in
257 2068 558 2103 substantivorum
590 2073 625 2104 et
650 2067 908 2114 adjectivorum
934 2068 1070 2113 formis,
1096 2068 1148 2103 ita
1173 2067 1209 2102 in
1237 2078 1313 2102 ver-

120 2125 175 2160 bis
206 2136 345 2170 quoque
378 2125 484 2160 Iones
518 2130 553 2160 et
585 2125 710 2160 solutis
736 2129 771 2159 ot
796 2125 833 2159 in
858 2138 897 2159 ευ
923 2125 1116 2160 contractis
1141 2125 1195 2159 usi
1222 2128 1314 2168 sunt,

66 2179 72 2184 ’
120 2181 217 2216 velut
265 2182 432 2216 καλέουσι
483 2185 661 2223 ποιέουσι,
710 2182 855 2216 ἐκάλεον
904 2182 1061 2224 ἐποίεον,
1118 2181 1315 2227 ἐκαλεόμην

119 2237 316 2286 ἐποιεύμην
341 2242 377 2275 et
403 2238 549 2274 καλεῦσι
577 2241 733 2283 ποιεῦσι,
760 2239 905 2275 ἐκάλεον
930 2239 1088 2282 ἐποίευν,
1115 2238 1314 2286 ἑκαλεύμην

1189 2309 1201 2333 1
