1790 2677
978 195 1025 231 36

402 284 623 317 contractam
649 280 800 316 formam
825 283 981 326 tuentur,
1006 280 1044 315 in
1069 283 1208 326 septem
1230 281 1473 327 antiquissimi
1491 293 1605 328 eoque

403 338 562 374 maxima
599 337 756 373 omnium
793 336 865 373 fide
903 336 1006 383 digni
1043 336 1117 372 AB.
1174 337 1384 375 Dissolutio.
1401 342 1520 375 autem
1546 339 1606 375 ob-

402 396 499 431 viam
538 394 648 430 l3:ies
685 394 735 430 fit.
786 395 868 431 Jam
905 393 990 429 inde
1021 394 1249 440 perspicuum
1281 398 1336 430 est
1366 396 1605 442 Dindorfium,

403 451 576 499 Steinum,
621 451 813 488 Abichtum
851 450 1104 497 properantius
1141 450 1272 498 egisse,
1313 462 1393 488 cum
1431 452 1606 498 quidquid

402 512 622 544 contractum
655 512 733 544 erat
764 507 997 553 corrigerent.
1048 508 1121 543 Sed
1149 511 1242 554 utra,
1267 511 1454 545 contracta
1479 520 1526 545 an
1551 520 1606 545 so-

401 565 488 611 luta,
514 568 615 600 recta
639 568 695 600 est
719 563 860 599 forma?

498 620 601 663 Quod
639 620 793 667 primum
830 621 877 656 ad
907 620 1042 656 formas
1067 622 1130 668 ρέῃ
1156 620 1252 666 (bis),
1278 620 1352 667 δὲῃ,
1377 620 1500 667 δέηται
1526 620 1607 655 atti-

404 682 476 724 net,
498 678 581 724 jure
606 678 743 713 solutas
769 688 831 713 eas
857 689 936 714 esse
967 682 1131 724 apparet,
1157 689 1235 712 cum
1262 688 1307 712 ne
1332 676 1443 712 Attici
1463 677 1606 722 quidem

404 736 470 770 has
496 736 754 771 contraxerint.
795 735 931 771 Contra
950 748 991 782 εη
1005 736 1043 770 in
1062 735 1171 770 verbo
1190 737 1303 770 ποιέω
1323 734 1606 770 contrahendum

402 795 500 838 puto,
527 803 607 827 cum
631 803 702 827 uno
723 792 760 827 in
781 792 859 827 loco
879 792 1033 827 solutum
1051 791 1113 837 sit,
1134 791 1268 837 septies
1289 795 1408 826 autem
1422 794 1608 838 contracta

402 847 520 883 forma
558 847 773 884 auctoritate
809 848 866 883 vel
899 847 1056 884 omnium
1095 846 1153 882 vel
1192 846 1407 893 optimorum
1444 846 1606 882 codicum

404 904 630 939 defendatur.
668 906 712 940 In
737 905 866 941 ceteris
885 905 1012 941 dubius
1039 916 1148 950 eram,
1175 907 1378 939 contractas
1402 903 1440 938 in
1460 903 1608 949 solutas,

404 960 588 995 solutasne
614 961 652 995 in
678 965 882 996 contractas
915 964 1102 1007 mutarem,
1135 971 1182 996 an
1213 971 1292 995 eam
1319 970 1608 995 earum'conser-

363 1064 365 1067 Ι
403 1028 526 1054 varem
564 1017 733 1064 speciem,
770 1017 913 1063 qualern
952 1017 1095 1054 codices
1132 1017 1312 1064 volebant,
1346 1016 1460 1052 donec
1493 1015 1610 1053 forma

403 1074 674 1121 ἐπικαλῇ-(11η
700 1074 737 1109 in
763 1074 867 1109 titulo
893 1074 1176 1120 Halicarnassio,
1208 1074 1268 1109 ubi
1294 1084 1364 1109 non
1390 1073 1513 1108 insunt
1538 1073 1610 1108 nisi

405 1130 561 1176 ionismi,
586 1130 730 1176 legitur,
757 1134 951 1166 oontractae
976 1130 1100 1165 formae
1126 1130 1284 1176 palmam
1310 1129 1378 1165 soli
1409 1129 1608 1164 esse-dan-

405 1187 488 1222 dam
524 1186 614 1221 mihi
653 1186 843 1232 persuasit.
894 1186 1065 1228 Quamvis
1097 1187 1192 1222 enim
1218 1186 1353 1221 nullum
1380 1185 1479 1221 alind
1503 1186 1541 1220 in
1566 1185 1609 1221 ti-

405 1244 490 1280 tulis
527 1244 574 1279 sit
611 1244 825 1290 exemplum,
863 1243 920 1279 cui
953 1243 1096 1289 quidem
1122 1243 1212 1279 fides
1238 1243 1362 1279 haberi
1388 1242 1514 1289 possit,
1539 1242 1608 1278 for-

403 1312 552 1347 marum,
590 1301 650 1336 ubi
681 1312 699 1335 ε
731 1304 766 1336 et
798 1313 820 1348 η
852 1305 1066 1336 concurrunt
1097 1322 1142 1327 --
1173 1302 1263 1348 δοκῇ
1294 1311 1339 1336 ex
1363 1300 1470 1336 inscr.
1499 1299 1607 1346 Olyn-

397 1357 528 1407 *thiana
553 1357 650 1392 nullo
677 1361 731 1392 est
757 1357 904 1402 indicio,
936 1368 1014 1392 cum
1045 1357 1083 1392 in
1116 1357 1242 1392 eadem
1268 1360 1304 1392 et
1329 1354 1550 1403 ἀμφοτέροις
1574 1359 1609 1391 et

404 1411 593 1461 ἀλλήλοισι
618 1413 761 1459 legatur
786 1435 830 1439 —-
857 1412 924 1448 hoc
949 1413 1066 1460 ipsum
1097 1418 1230 1460 tamen,
1262 1413 1388 1449 eodem
1422 1423 1492 1458 quo
1517 1411 1608 1448 vixit

405 1470 608 1505 Herodotus
646 1474 807 1515 tempore
839 1481 927 1505 saxo
960 1471 1189 1517 insculptum,
1216 1471 1348 1516 quippe
1374 1469 1468 1515 quod
1494 1480 1517 1504 a
1540 1469 1608 1503 for-

405 1526 473 1560 mis
499 1525 685 1572 οἰκοδομῇ,
722 1525 852 1573 ἡγῆται
883 1526 980 1573 (bis),
1020 1529 1190 1574 φοβῆται,
1223 1527 1385 1573 ὸηλῆται,
1417 1526 1507 1572 δοκῇ
1531 1524 1608 1559 ἐπι-

404 1583 502 1629 ζητῇ,
531 1583 649 1629 ποθῇ,
672 1582 759 1628 αἱρῇ
785 1581 987 1629 adjuvetur,
1014 1584 1103 1619 satis
1128 1583 1250 1618 valere
1275 1582 1383 1618 credo
1410 1582 1457 1617 ad
1481 1581 1607 1618 tollen-

404 1637 488 1674 dam
525 1637 740 1674 solutionem
774 1637 967 1674 formarum
1000 1639 1263 1687 στρατελατέῃς,
1295 1639 1468 1693 διατελέῃ,
1500 1639 1606 1685 δοκέῃ

404 1694 500 1741 (bis),
526 1693 626 1742 οἰκέῃ
649 1694 745 1742 (bis),
776 1692 943 1744 α’παιτὲῃ,
975 1695 1173 1744 ἐξηγέηται,
1203 1707 1281 1742 quae
1307 1706 1378 1731 non
1403 1694 1475 1731 nisi
1499 1694 1607 1730 libra-

403 1752 476 1786 rios
502 1752 708 1795 corrigendi
733 1753 937 1797 cupidiores
962 1753 1111 1788 laudare
1137 1757 1286 1799 possunt
1312 1756 1485 1788 auctores.

501 1809 546 1845 In
570 1810 747 1845 vocalibus
772 1822 813 1858 εη
838 1811 947 1856 iyitur
971 1811 1068 1856 apud
1089 1809 1302 1848 Herodotum
1326 1811 1443 1847 eadem
1467 1821 1545 1856 quae
1569 1811 1607 1845 in

402 1867 524 1902 Attica
559 1867 705 1902 dialecto
739 1868 830 1903 valet
864 1869 997 1913 requla,
1034 1871 1072 1904 ut
1108 1880 1242 1913 semper
1276 1870 1313 1904 in
1345 1869 1369 1916 ῆ
1398 1868 1602 1906 coalescant,

396 1926 635 1968 praeterquam
659 1924 697 1958 in
720 1924 835 1959 verbis
859 1924 949 1959 thesi
971 1925 1212 1970 monosyllaba
1226 1925 1264 1968 l).

499 2055 528 2088 1)
558 2055 593 2080 In
620 2056 813 2090 conjunctivo
841 2065 902 2084 aor.
925 2058 1008 2084 Pass.
1031 2060 1123 2092 atque
1144 2066 1231 2092 praes.
1253 2061 1284 2085 et
1305 2066 1368 2085 aor.
1391 2059 1552 2085 verborum
1572 2058 1604 2083 in

399 2112 435 2139 μι
463 2103 634 2131 exeuntium
665 2113 784 2140 semper
814 2108 1004 2134 contractum
1034 2106 1194 2141 reperitur,
1227 2107 1310 2134 nullo
1341 2114 1467 2142 usquam
1494 2105 1603 2133 codice

401 2153 639 2179 contradicente.
679 2155 825 2188 Exemplo
862 2155 937 2181 sint:
977 2152 1106 2191 νικηθῇς
1136 2155 1163 2181 1.
1197 2155 1261 2181 171.
1303 2153 1448 2193 φοβηθῇς
1477 2154 1505 2182 5.
1539 2156 1602 2185 111,

398 2197 538 2236 μνησθῇς
563 2199 588 2225 7.
613 2201 676 2227 159.
711 2197 846 2238 ὀρθωθῇ
866 2201 893 2227 1.
915 2202 979 2227 208.
1016 2198 1153 2236 κομισθῇ
1176 2201 1204 2227 2.
1227 2201 1271 2226 86.
1306 2200 1484 2238 κατακαυθῇ
1505 2201 1533 2228 4.
1556 2201 1602 2226 69.

399 2245 494 2285 κριθῇ
514 2246 541 2275 5.
563 2249 588 2275 5.
609 2247 766 2283 μνησθῆτε
787 2249 812 2276 1.
836 2250 881 2276 36.
908 2247 989 2288 σαπῇ
1009 2249 1039 2277 2.
1062 2249 1107 2276 41.
1133 2246 1213 2286 καρῇ
1233 2248 1260 2275 4.
1286 2249 1346 2276 127.
1374 2245 1474 2288 σφαλῇ
1494 2248 1600 2277 7.168.

399 2292 569 2330 πιμπλῆται
589 2296 614 2323 7.
638 2297 685 2329 37,
709 2296 832 2335 προεθῇ
853 2297 880 2325 6.
904 2299 967 2331 109,
988 2295 1084 2331 θῆται
1105 2298 1131 2324 1.
1153 2298 1198 2325 29.
