1642 2677
773 131 818 168 27

192 231 265 255 una
289 220 451 255 codicum
485 228 585 263 voce,
620 221 658 253 at
688 217 905 263 optimorum
937 220 973 251 et
999 216 1244 263 plurimorum,
1269 216 1395 251 solutae

193 280 311 313 autem
337 279 474 323 septem
504 275 622 322 modo,
655 285 744 321 quas
769 274 801 310 si
826 273 973 321 propius
998 273 1148 310 intuitus
1171 273 1254 320 eris,
1286 273 1394 320 pluri-

193 344 270 369 mas
295 333 423 369 dubias
448 344 514 368 nec
533 332 604 368 fide
624 331 756 377 dignas
775 331 945 377 reperies.
984 333 1154 366 ποιέουσι
1173 330 1281 376 enim,
1298 329 1394 375 quod

193 393 225 426 1.
252 394 294 425 71
321 389 467 436 legitur,
499 388 677 425 universis
702 387 885 424 codicibus
911 387 1074 433 quamvis
1099 386 1393 433 suffragantibus,

192 446 381 482 solutionis
407 447 504 482 hand
528 445 635 481 dubie
661 445 838 490 originem
870 444 995 480 formis
1027 447 1203 491 φορέουσι
1229 449 1265 480 et
1290 443 1394 490 ὑδρο-

191 505 376 548 ποτέουσι,
402 513 481 547 quae
512 501 634 547 paullo
660 498 769 546 supriz
793 500 831 535 in
856 501 982 535 eodem
1009 504 1090 537 sunt
1116 501 1248 546 capite,
1274 499 1392 535 debet.

191 559 282 594 Item
319 562 356 595 2.
391 562 455 593 121
493 557 662 593 καλέουσι
692 561 728 593 et
758 559 1023 602 προσκυνέουσι
1053 556 1205 594 eandem
1231 556 1305 592 vim
1331 555 1393 591 ha—

191 614 311 650 buisse
346 614 524 649 videntur.
574 614 616 648 In
654 613 790 649 duobus
815 614 910 657 ⁴locis
941 618 978 651 2.
1011 619 1066 650 49.
1082 619 1139 659 v60
1170 618 1243 649 tres
1276 613 1391 648 solnm

191 670 334 706 codices
359 670 465 715 ABG,
497 669 566 705 etsi
598 669 839 715 antiquissimi
870 674 905 706 et
931 670 1069 717 optimi,
1094 674 1216 707 tamen
1241 680 1313 704 non
1339 669 1392 704 in-

190 728 294 774 tegri,
320 728 474 763 solutam
500 731 643 763 tuentur
673 728 836 774 formam,
877 739 956 764 cum
988 728 1097 764 ceteri
1130 729 1276 764 ποιεῦσι
1303 738 1391 772 prae-

190 786 310 821 beant.
349 785 497 821 Ceteras
523 785 657 820 formas
682 789 850 821 ποιέουσι
875 790 909 821 4.
930 791 994 821 146
1014 790 1049 822 et
1068 788 1260 822 ποιέουσαι
1286 788 1318 820 1.
1335 788 1391 829 93,

193 841 224 877 si
249 841 287 877 in
313 845 517 878 contractas
543 842 776 888 corrigendas
803 842 931 889 dicam,
963 854 1035 879 non
1060 842 1143 879 ideo
1169 853 1276 889 spero
1302 841 1391 887 fore,

189 902 228 933 ut
255 898 385 943 aliquis
416 899 505 934 mihi
537 899 672 935 crimen
703 900 878 945 intendat,
912 900 1007 945 quod
1039 900 1211 936 audacius
1242 898 1391 944 egerim.

283 963 454 1009 Reliquas
499 976 633 1011 paucas
676 966 743 1001 huc
788 965 1007 1012 pertinentes
1048 965 1183 1002 formas
1224 967 1391 1008 νοέουσα,

189 1023 338 1064 -ἑουσαι,
376 1025 503 1064 -ἑουσι,
534 1025 709 1058 κυέουσαν
741 1034 812 1058 non
838 1026 893 1058 est
918 1034 980 1058 cur
1003 1022 1040 1057 in
1065 1026 1272 1059 contractas
1297 1033 1392 1057 com-

189 1081 375 1124 mutemus,
403 1077 442 1113 id
467 1078 562 1124 quod
586 1078 728 1126 Abicht,
754 1083 989 1126 praeterquam
1017 1078 1054 1114 in
1080 1081 1268 1122 κυέουσαν,
1294 1078 1391 1124 fecit,

190 1134 328 1170 scilicet
365 1146 409 1171 ne
447 1135 565 1180 legem
602 1136 701 1171 illam
734 1135 958 1181 constantiae,
991 1147 1062 1181 qua
1092 1148 1130 1171 εο
1160 1140 1196 1172 et
1221 1148 1283 1172 εου
1309 1140 1391 1181 post

189 1191 350 1225 vocalem
376 1202 518 1237 semper
542 1192 848 1237 contraherentur,
874 1191 1038 1227 violaret.

283 1256 479 1292 Verborum
495 1261 625 1304 autem,
640 1268 717 1303 quae
731 1260 810 1293 ante
823 1269 841 1292 ε
853 1261 1095 1294 consonantem
1108 1258 1269 1300 habeant,
1283 1257 1391 1303 longe

189 1314 366 1350 maximus
405 1326 571 1351 numerus
603 1328 666 1351 εου
696 1316 908 1352 dissolutum
939 1319 1060 1351 servat
1092 1317 1179 1361 (non
1199 1315 1322 1351 'minus
1347 1316 1391 1350 57

188 1370 226 1404 in
254 1370 321 1405 175
346 1371 461 1418 locis).
500 1371 676 1418 Quinque,
702 1384 780 1418 quae
806 1376 1008 1418 supersunt,
1035 1372 1088 1408 ita
1106 1372 1201 1408 inter
1218 1384 1280 1407 εου
1300 1375 1335 1407 et
1353 1383 1393 1406 ευ

189 1426 373 1474 fluctuant,
399 1432 437 1463 ut
462 1440 577 1474 genus
602 1429 755 1464 solutum
781 1429 930 1464 multum
956 1429 1164 1474 praevaleat.
1203 1427 1307 1469 Quod
1321 1427 1393 1463 dis-

189 1483 334 1529 positio,
361 1496 466 1529 quam
493 1485 589 1520 infra
613 1489 781 1530 statuam,
807 1485 915 1530 plane
942 1484 1214 1520 demonstrabit.

323 1588 463 1624 Formae
489 1589 626 1624 solutae.
918 1589 1058 1624 Formae
1084 1592 1289 1623 contractae.

190 1652 361 1688 καλέουσι
392 1657 423 1689 1.
462 1657 539 1689 131.
576 1658 652 1689 139.
684 1658 761 1689 173.
836 1654 984 1689 καλεῦσι
1007 1657 1044 1690 2.
1073 1658 1126 1689 94.

192 1713 257 1744 193
284 1709 379 1757 (bis).
411 1714 488 1746 199.
513 1714 549 1747 2.
579 1715 609 1746 2.
637 1714 692 1746 81.
718 1714 773 1745 92.

192 1771 270 1802 121.
300 1772 377 1803 128.
406 1772 482 1803 158.
513 1773 590 1804 171.
617 1768 712 1815 (bis).
738 1772 773 1804 3.

191 1828 246 1860 27.
281 1829 336 1860 89.
372 1829 448 1860 112.
487 1829 521 1861 4.
557 1830 609 1861 18.
638 1830 692 1861 27.
719 1829 775 1861 48.

194 1887 270 1917 110.
301 1887 378 1919 155.
410 1888 487 1919 180.
519 1888 596 1920 199.
622 1887 655 1919 5.
686 1888 716 1918 9.
744 1888 775 1918 6.

191 1942 247 1973 42.
275 1943 329 1974 69.
360 1944 436 1974 119,
470 1942 503 1975 7.
532 1944 585 1975 54.
616 1944 669 1975 64.
698 1944 774 1975 176.

193 1999 270 2032 188.
310 2000 345 2033 8.
374 2000 428 2032 98.
468 2001 501 2033 9.
529 2001 583 2032 20.
613 2001 668 2032 39.

189 2053 351 2088 τελέουσι
377 2057 413 2090 ,2.
442 2058 497 2089 51.
529 2054 606 2089 ἐπι-
633 2059 663 2090 1.
696 2058 772 2089 167.
846 2054 988 2089 τελεῦσι
1037 2058 1070 2088 5.
1118 2058 1173 2088 49.
1236 2058 1268 2090 7.
1317 2060 1393 2089 111.

189 2113 224 2145 2.
254 2113 308 2145 37.
330 2115 384 2146 63.
414 2115 447 2146 4.
466 2116 541 2147 186.
564 2116 596 2148 5.
613 2117 646 2148 4.
668 2117 700 2148 6.
718 2116 773 2148 60.
848 2110 977 2158 (-έουσι
1002 2111 1117 2159 ABd).

190 2170 226 2203 8.
253 2171 308 2202 41.
337 2172 392 2203 98.
424 2166 514 2204 α’πο-
551 2173 587 2206 ,2.
616 2174 670 2205 65.
703 2170 777 2205 δια-

192 2226 224 2258 6.
251 2227 307 2259 42.
344 2227 479 2261 -ἑουσα,
518 2225 596 2262 ἐπι·
621 2230 656 2262 3.
685 2230 740 2262 69.
