1642 2677
608 761 918 798 PRAEFATIO.

262 893 394 928 Ionicae
425 893 571 930 dialecti
603 898 743 930 veteres
774 894 1001 940 grammatici
1027 894 1097 930 duo
1123 894 1367 930 distinxerunt

167 970 312 1005 genera,
344 960 409 1008 τὴν
439 958 592 1007 ἀρχαίαν
617 961 694 996 sive
722 961 880 997 παλαιᾶν
905 960 1022 1005 Ἰάδα,
1052 972 1123 1007 qua
1147 961 1368 1007 scripserunt

168 1027 342 1064 Homerus
367 1031 403 1064 et
427 1027 617 1075 Hesiodus,
643 1032 678 1065 et
702 1028 768 1078 τὴν
785 1030 954 1076 δευτέραν
971 1029 1047 1066 sive
1062 1032 1237 1076 νεωτέραν
1253 1027 1369 1073 Ἰάδα,

168 1106 247 1131 eam
285 1096 541 1142 intelligentes,
579 1108 649 1141 qua
686 1107 808 1132 omnes
845 1100 927 1142 post
958 1097 1150 1131 Homerum
1179 1097 1370 1131 utebantur

170 1162 373 1208 scriptores.
424 1163 557 1198 Horum
589 1163 783 1198 maximam
810 1167 948 1209 partem
974 1174 1046 1198 non
1070 1163 1141 1198 nisi
1166 1163 1370 1198 nominibus

169 1229 402 1274 cognovimus
434 1233 470 1265 et
502 1229 676 1274 quidquid
706 1229 926 1275 seripserunt
956 1229 1203 1275 longinquitas
1235 1229 1370 1265 delevit

169 1299 379 1341 temporum.
431 1296 511 1331 Duo
543 1299 664 1332 tamen
696 1300 789 1342 sunt,
821 1307 969 1342 quorum
1001 1296 1138 1342 scripta
1166 1296 1371 1332 etiamnunc

169 1366 324 1409 exstant,
350 1363 590 1409 Hippocrates
615 1367 652 1399 et
677 1363 891 1399 Herodotus.

264 1429 366 1466 Illius
391 1440 591 1466 sermonem
617 1434 656 1466 ut
682 1442 704 1466 a
729 1430 869 1466 mendis
889 1430 1059 1477 vitiisque
1077 1435 1248 1477 purgaret
1265 1430 1372 1467 libra-

169 1497 314 1544 riorum,
351 1509 430 1533 cum
467 1498 529 1532 vix
560 1498 747 1543 quisquam
779 1497 827 1533 ad
857 1497 952 1533 hunc
981 1497 1076 1533 diem
1102 1497 1311 1543 susceperit,
1337 1497 1374 1532 in

170 1564 276 1610 hujus
302 1563 484 1610 proximos
508 1564 661 1609 triginta
688 1574 803 1600 annos
834 1563 904 1599 viri
929 1563 1130 1600 doctissimi
1155 1563 1210 1600 sni
1236 1563 1375 1609 ingenii

170 1631 267 1667 vires
292 1635 538 1678 exercuerunt,
561 1642 676 1677 neque
694 1642 841 1678 operam
859 1642 958 1667 suam
977 1630 1222 1677 perdiderunt.
1262 1631 1376 1667 Multa

142 1696 145 1698 ’
171 1698 267 1733 enim
292 1698 455 1734 codicum
481 1698 688 1735 testimonio
715 1697 815 1734 varie
842 1698 998 1744 figurata
1022 1697 1070 1734 ad
1094 1697 1269 1734 unitatem
1293 1702 1376 1734 sunt

33 1758 61 1770 “⁸
117 1796 127 1800 ,
172 1766 331 1813 redacta,
360 1767 474 1803 multa
497 1766 592 1803 falsa
616 1770 787 1802 correcta.

267 1833 393 1878 Neque
423 1833 460 1869 in
491 1833 559 1869 hac
589 1833 671 1880 ipsa
700 1843 750 1880 re,
779 1843 885 1879 quam
911 1831 1000 1868 mihi
1025 1832 1196 1879 proposui
1221 1836 1259 1868 ut
1284 1835 1375 1868 trac-

173 1903 300 1946 tarem,
334 1900 523 1937 defuerunt
548 1900 608 1946 qui
634 1900 830 1946 separatim
855 1899 1092 1935 eleborarent.
1143 1899 1230 1935 Cum
1257 1903 1374 1935 autem

173 1967 211 2002 in
237 1967 311 2002 suis
337 1967 649 2014 disquisitionibus
681 1966 823 2003 codices
848 1966 942 2002 solos
967 1970 1211 2012 sequerentur,
1238 1966 1283 2002 ob
1307 1966 1377 2002 for-

175 2046 311 2072 marum
338 2035 552 2071 varietatem
579 2035 711 2082 partim
736 2034 773 2070 in
799 2033 934 2079 regulis
959 2033 1161 2070 statuendis
1181 2034 1376 2079 haerebant,

176 2103 207 2138 si
233 2113 354 2138 eorum
380 2102 487 2140 nimis
513 2103 621 2138 anxie
647 2112 808 2149 premere
834 2101 969 2136 vellent
991 2101 1160 2147 vestigia,
1184 2100 1329 2147 partim,
1346 2100 1377 2135 si

174 2170 219 2206 ab
245 2181 366 2206 eorum
392 2169 453 2205 via
477 2169 763 2216 digrederentur,
791 2169 837 2205 ad
860 2169 1088 2214 conjecturas
1111 2168 1191 2215 plus
1211 2168 1375 2204 minusve

174 2239 389 2274 verisimiles
414 2237 608 2283 confugere
635 2249 781 2273 necesse
808 2240 896 2272 erat.
