1642 2677
724 159 770 193 25

243 249 484 295 προαιδεῦμαι
516 247 671 291 denique
695 249 730 281 3.
760 249 827 279 140
853 244 949 280 haud
966 244 1073 281 dubie
1098 245 1136 280 in
1158 247 1347 292 προαιδέο-

147 317 212 348 μαι
238 305 368 340 mutari
393 308 550 350 oportet;
576 305 755 349 repugnat
780 302 876 337 enim
901 301 1108 347 αἰδεόμενος
1125 306 1180 338 ter
1198 306 1234 338 et
1253 302 1347 348 quod

148 362 322 399 Homerus
348 373 489 409 semper
512 359 817 406 multifariamque
841 359 1007 406 αἰδέομαι
1032 360 1152 396 utitur.

242 418 328 460 Quae
348 429 457 464 supra
475 417 586 453 statui
605 417 650 452 de
669 417 794 452 formis
808 417 945 462 passivi
959 417 997 451 in
1011 429 1100 461 -μαι,
1116 429 1214 463 -μην,
1228 429 1347 461 -μενος

146 473 279 519 valent,
318 474 427 509 activi
466 477 585 508 autem
617 473 741 508 formae
772 473 810 507 in
842 474 962 516 ἑέομεν
988 473 1194 508 desinentes
1221 473 1346 507 solutae

146 539 288 575 semper
325 533 406 565 sunt
438 540 504 564 nec
537 532 618 574 post
648 528 823 574 liquidam
853 528 1036 575 vacillant,
1062 528 1158 574 quod
1183 539 1245 565 eas
1271 529 1347 564 uni-

147 596 269 621 versas
311 585 493 621 afferendo
535 585 741 620 ostendam:
790 586 962 628 δοκέομεν
1002 586 1159 632 (semel),
1208 585 1347 630 ἐ-έομεν

145 641 297 686 (semel),
323 641 489 684 οἰκέομεν
514 640 667 686 (semel),
692 643 980 687 μνησικακέομεν
997 642 1148 688 (semel),
1169 642 1347 686 καλέομεν

145 698 312 743 (quater),
348 698 575 740 διατελέομεν
607 698 758 743 (semel),
796 698 1000 744 διαιρέομεν
1031 699 1182 745 (semel),
1215 711 1345 745 παραι-

144 756 270 799 νέομεν
295 754 447 801 (6611161),
473 753 748 800 ἐπιφθονέομεν
772 755 923 801 (semel),
949 753 1174 802 ἀρρωδέομεν
1191 756 1344 803 (semel),

145 812 351 856 θαρσέομεν
379 811 530 856 (semel).

240 865 279 900 Si
304 865 426 911 igitur,
452 870 490 900 ut
507 866 652 901 tandem
672 865 866 915 aliquando
885 866 1165 912 disputationem
1184 872 1342 904 nostram

146 921 189 956 de
228 932 401 958 concursu
433 922 611 958 vocalium
643 935 682 958 εο
707 922 753 958 ad
784 923 890 959 finem
916 923 1163 971 perducamus,
1188 925 1346 961 breviter

145 989 223 1023 quae
249 989 293 1014 ea
318 979 500 1015 effecimus
522 979 734 1015 concludere
759 980 933 1026 volumus,
959 980 1035 1016 haec
1061 992 1199 1016 summa
1224 985 1289 1016 est.

249 1045 425 1081 Vocales
456 1058 501 1080 εο

186 1101 213 1136 Ι.
240 1102 393 1138 solutae
423 1108 594 1140 manent

239 1161 280 1193 A.
301 1163 383 1203 post
405 1164 646 1195 consonantem

307 1215 341 1261 1)
364 1217 402 1251 in
426 1217 540 1251 verbis
563 1216 652 1251 thesi
676 1217 931 1262 monosyllaba;

304 1272 341 1317 2)
366 1274 404 1307 in
429 1275 513 1312 -έον,
540 1285 645 1315 -εοντ,
670 1273 797 1320 -εόμην
821 1275 964 1319 ubique‚·

306 1329 342 1374 3)
367 1330 405 1363 in
429 1331 546 1372 εὀμαι,
572 1328 710 1377 -εόμην,
736 1330 991 1375 -εόμενοςροεί
1016 1345 1047 1373 κ,
1072 1344 1090 1365 τ
1118 1332 1171 1377 [π,
1196 1334 1229 1377 β,
1255 1332 1286 1374 δ,
1311 1344 1345 1375 χ,

369 1389 410 1429 θ,
435 1387 474 1432 μ]
500 1391 531 1422 et
555 1400 575 1422 ν
601 1388 711 1423 vocali
736 1391 923 1433 praeeunte.

241 1443 280 1477 B.
301 1448 386 1488 post
409 1445 559 1479 vocalem
583 1448 622 1480 in
646 1456 738 1487 -εον,·
762 1447 932 1489 excipitur
954 1446 1112 1488 ἐποίευν,
1131 1447 1222 1491 quod
1239 1448 1345 1482 simul

307 1511 383 1534 own
411 1499 557 1534 ἐποίεον
582 1501 772 1535 adhibetur.

167 1554 214 1589 ΙΙ.
240 1556 390 1591 solntae
416 1558 665 1600 promiscue
695 1568 784 1591 cum
817 1568 863 1591 ευ
894 1561 1164 1601 usurpantur

309 1611 343 1657 1)
363 1615 445 1656 post
469 1616 696 1648 consonantes
721 1612 753 1655 λ,
779 1626 810 1657 ρ,
837 1625 867 1656 γ,
899 1616 999 1658 atque
1029 1625 1050 1647 ν
1080 1613 1193 1648 altera
1213 1624 1343 1657 praece-

370 1671 468 1705 dente
504 1673 712 1705 consonante
747 1671 785 1705 in
819 1672 949 1714 -έομαι,
990 1669 1160 1713 -εόμενος,
1198 1669 1345 1718 -εόμην;

370 1728 588 1772 excipiuntur
601 1719 844 1772 ἐκπαὶῖλέομαι
858 1731 889 1763 et
900 1730 1047 1773 μετρέω,
1061 1739 1137 1772 quoe
1151 1728 1343 1763 solvuntur.

245 1860 273 1897 1)
294 1862 355 1889 Has
375 1862 490 1888 formas
511 1861 686 1888 Homericus
708 1861 830 1895 collegi:
862 1857 996 1895 ἦτεόμην
1020 1861 1076 1888 Od.
1097 1860 1125 1887 3.
1148 1861 1211 1888 172.
1234 1858 1346 1888 πωλεύ-

146 1919 207 1944 μην
228 1910 282 1937 Od.
303 1910 354 1938 22.
378 1912 441 1937 352.
476 1907 657 1947 ἐξαιρεύμην
680 1910 736 1937 Od.
758 1910 803 1937 14.
826 1910 889 1935 232.
926 1904 1107 1943 ἱκνεύμεσθα
1129 1910 1187 1937 Od.
1208 1910 1259 1938 24.
1281 1912 1346 1936 339.

107 1967 109 1969 ¹
147 1957 256 1991 νέομαι
276 1958 331 1984 Od.
353 1958 399 1984 13.
422 1959 466 1984 61.
489 1956 600 1993 νεόμην
619 1957 665 1984 17.
689 1958 751 1985 148.
773 1953 976 1991 ἓδινέομεσθα
998 1957 1051 1982 Od.
1070 1956 1097 1983 9.
1121 1959 1184 1984 153.
1214 1954 1346 1994 ἡγεόμην

147 2005 181 2031 Il.
205 2004 231 2032 5.
254 2007 317 2032 211.
358 2002 502 2042 αἰδέομαι
524 2007 579 2034 Od.
600 2005 627 2034 6.
650 2007 714 2033 221.
755 2005 801 2033 14.
824 2006 886 2032 146.
918 2004 964 2034 17.
988 2006 1049 2033 188.
1090 2005 1139 2033 20.
1162 2007 1227 2034 343.
1264 2007 1298 2034 ll.
1320 2006 1346 2035 6.

149 2055 213 2081 442.
246 2055 296 2083 22.
320 2057 382 2082 105.
413 2056 463 2083 24.
486 2057 548 2082 435.
579 2054 735 2090 μυθέομαι
756 2055 789 2081 Il.
812 2054 837 2081 7.
860 2055 908 2080 46.
939 2054 966 2081 8.
984 2055 1029 2081 40.
1059 2055 1110 2081 22.
1132 2056 1193 2081 184.
1225 2052 1348 2089 ἰ-εόμην

150 2102 206 2128 od.
236 2103 264 2129 2.
299 2103 360 2129 172.
401 2103 428 2129 4.
464 2105 526 2129 152.
567 2103 614 2129 12.
646 2103 711 2128 451.
751 2102 785 2127 11.
815 2101 842 2127 9.
873 2102 934 2127 109.
976 2101 1068 2127 Vetus
1094 2101 1188 2135 igitur
1214 2102 1263 2127 Ias
1287 2110 1347 2127 non

150 2150 275 2177 multum
307 2158 324 2177 a
354 2151 523 2179 recentiore
554 2151 663 2178 differt.
705 2150 840 2184 Liquidae
866 2146 892 2181 λ,
920 2159 937 2187 ρ
964 2151 995 2176 et
1021 2158 1048 2181 ν,
1077 2150 1175 2177 altera
1195 2153 1348 2185 praeeunte

151 2202 346 2232 consonante,
374 2209 404 2225 ευ
426 2201 567 2226 maluisse
588 2200 736 2230 videntur.
766 2208 831 2225 cum
852 2208 878 2230 ν,
900 2199 1000 2225 vocali
1021 2199 1221 2232 praecedente,
1243 2208 1275 2224 εο
1297 2207 1348 2233 po-

150 2247 287 2271 stularet.
329 2247 401 2272 Post
422 2249 539 2273 ceteras
562 2251 762 2273 consonantes
784 2247 945 2272 dissolutio
967 2246 1092 2279 vulgata
1113 2246 1208 2272 fuisse
1220 2247 1349 2272 videtur.

1221 2304 1236 2330 4
