1642 2677
705 153 749 181 111

130 233 230 268 Iadis
268 233 468 278 exprimere
501 233 695 277 imaginem
729 236 824 278 puto.
877 230 1107 275 Perspicuum
1142 228 1237 264 enim
1268 234 1333 273 est,

131 301 334 346 Homerum,
361 300 431 346 ubi,
458 311 603 335 numero
629 310 752 335 versus
778 310 848 334 non
877 297 1099 344 prohibente,
1126 296 1221 331 inter
1245 295 1334 331 duas

131 367 268 413 eligere
294 368 416 403 liceret
444 368 588 413 formas,
621 378 700 402 eam
732 365 950 411 adhibuisse,
978 376 1056 410 quae
1082 364 1119 399 in
1146 364 1224 410 ejus
1250 368 1335 398 aeta-

130 435 177 471 tis
211 435 365 471 dialecto
401 435 545 470 inesset.
596 434 744 469 Talibus
774 433 906 469 veteris
938 432 1038 468 Iadis
1063 431 1240 477 exemplis
1265 431 1334 466 etsi

131 514 201 538 non
228 507 365 538 tantum
392 506 560 548 quantum
587 502 701 538 titulis
727 502 771 537 ob
797 512 965 547 magnum
992 500 1221 536 intervallum
1249 504 1334 535 aeta—

130 574 204 605 tum
229 570 374 605 Homeri
401 575 436 605 et
462 569 634 604 Herodoti
659 569 767 604 tribui
786 573 915 614 potest,
938 572 1059 603 tamen
1082 568 1112 603 is
1132 572 1186 603 cst
1205 568 1333 603 utrius-

129 648 195 682 que
222 636 395 672 sermonis
422 647 627 681 consensus,
659 640 707 681 ut,
742 635 801 670 ubi
827 635 969 670 codices
995 635 1173 680 duplicem
1201 635 1331 670 forma-

127 715 201 738 rum
235 704 386 748 figuram
419 703 660 747 ostenderent,
692 702 746 737 his
772 702 947 746 exemplis
968 702 1029 746 jus
1056 701 1329 746 dijudicationis

79 775 87 784 ⁸
127 770 183 804 vel
210 769 461 804 affirmationis
488 768 626 803 deferre
653 779 723 802 non
747 768 995 803 dubitaverim.

220 836 277 872 Ad
303 837 413 871 libros
439 848 546 871 manu
574 836 727 881 scriptos
755 835 873 871 aditus
903 835 990 870 mihi
1017 847 1088 871 non
1114 836 1192 882 fuit,
1219 840 1327 882 atque

126 903 278 938 libenter
321 903 366 937 iis
410 903 526 948 carui,
573 914 651 937 cum
696 902 742 937 ad
786 914 928 937 manum
977 903 1161 938 habuerim
1200 905 1327 940 editio-

125 980 204 1004 nem
240 969 367 1015 Steini,
399 970 499 1015 cujus
532 954 657 1015 plenus
688 969 812 1004 titulus
842 973 912 1004 est:
946 970 1114 1005 Herodoti
1145 972 1325 1008 His-torsa:

126 1037 310 1072 Reccnsuit
337 1037 511 1072 chre'cus
538 1038 643 1073 Stein.
695 1036 858 1073 Berolini
883 1038 977 1082 apud
1008 1037 1253 1075 Isl'esdmmm-os
1281 1042 1325 1076 Λ.

125 1103 450 1139 MDCCCLXIX.
502 1103 569 1145 Qui
601 1103 829 1138 doctissimus
862 1103 917 1138 vir
950 1104 998 1138 im
1025 1105 1238 1141 lectionibus
1264 1118 1324 1142 va-

124 1170 188 1204 riis
214 1170 406 1205 afferendis
433 1170 650 1215 praecipuam
677 1170 764 1204 mihi
785 1171 927 1206 videtur
945 1171 1151 1207 adhibuisse
1172 1171 1323 1218 diligen-

123 1237 222 1272 tiam.
273 1238 314 1272 Iu
351 1237 533 1272 codicibus
567 1241 685 1272 autem
716 1237 945 1273 nominandis
978 1250 1000 1273 a
1025 1239 1153 1275 ceteris
1178 1240 1323 1276 editori-

121 1304 185 1338 bus
211 1304 263 1338 ita
288 1304 418 1349 differt,
444 1308 481 1339 ut
507 1315 595 1348 quos
621 1304 674 1338 illi
700 1305 746 1349 M,
773 1305 810 1349 P,
838 1305 878 1350 F,
903 1306 933 1339 A
955 1307 1126 1352 apellant,
1145 1307 1202 1342 hic
1220 1310 1262 1354 A,
1281 1310 1322 1355 B,

123 1369 160 1415 O,
188 1370 215 1404 P
241 1370 432 1415 significet.
480 1369 614 1411 Quibus
647 1370 777 1405 litteris
811 1370 907 1415 apud
934 1370 1015 1406 illos
1042 1372 1157 1407 Steini
1183 1375 1213 1409 R
1238 1379 1273 1410 et
1301 1378 1324 1411 d

121 1437 391 1483 responderent,
424 1438 622 1483 comperire
655 1437 742 1472 mihi
775 1448 845 1472 non
883 1439 1045 1484 contigit.
1097 1441 1151 1475 De
1189 1442 1258 1477 fide
1288 1449 1322 1479 et

121 1503 279 1549 pondere
317 1503 594 1549 uniuscujusque
630 1504 765 1539 codicis
803 1504 969 1550 cupidum
1003 1509 1244 1551 cognoscendi
1276 1511 1322 1545 ad

119 1571 373 1606 Praefationem
406 1571 521 1607 Steini
554 1583 637 1617 pag.
668 1572 774 1606 XXII
802 1583 878 1617 sqq.
905 1577 940 1607 et
966 1572 1146 1619 Philologi
1170 1576 1320 1613 Tomum

119 1638 206 1672 XXI
233 1650 316 1683 pag.
344 1639 387 1673 78
414 1649 490 1683 sqq.
521 1639 660 1683 delego.
