1790 2677
1015 200 1036 235 6

422 283 518 318 bere.
569 284 645 318 Nec
683 284 862 319 dubitavit
895 284 1044 319 Carolus
1075 284 1206 319 Abicht
1235 295 1297 320 eas
1322 284 1435 321 falsas
1460 290 1496 321 et
1521 287 1629 322 inter-

423 341 566 387 polatas
593 341 723 377 dicere.
763 341 895 377 Censet
920 342 1027 389 enim,
1054 342 1189 378 nullam
1214 342 1370 378 inveniri
1397 353 1503 389 posse
1528 355 1628 379 caus-

422 409 512 443 sam,
538 410 600 433 cur
625 399 789 444 scriptor,
827 400 887 444 qui
921 400 1106 435 ducenties
1136 404 1234 435 certo
1267 400 1421 445 quodam
1448 400 1555 435 modo
1580 401 1630 436 lo-

422 459 523 491 cutus
556 456 614 502 sit,
654 456 842 502 quinquies
859 457 885 503 ¹)
920 467 1005 492 vero
1033 457 1105 493 alio
1131 457 1249 504 modo,
1275 461 1349 493 tam
1383 453 1631 493 inconstanter

422 514 566 550 variare
604 514 768 550 voluerit.
819 514 905 557 Quae
939 515 1120 550 sententia
1152 527 1321 561 magnam
1351 515 1508 561 speeiem
1539 515 1630 551 veri-

422 572 510 607 tatis
548 583 622 618 prae
654 583 692 608 se
723 573 803 608 fert.
854 574 901 608 At
927 573 1022 609 enim
1047 584 1125 609 cum
1152 573 1298 620 formas,
1325 584 1402 619 quae
1428 573 1496 609 huc
1522 573 1628 619 perti-

422 635 509 665 nent
535 631 598 676 ita,
623 635 661 666 ut
693 642 803 676 supra
827 631 909 676 feci,
941 631 1212 677 disposuissem,
1241 632 1350 677 longe
1375 631 1531 677 plurima
1555 632 1631 667 vidi

422 698 502 722 esse
528 688 695 733 exempla
721 688 970 723 dissolutionis
994 688 1195 724 litterarum
1214 692 1264 734 εο,
1290 688 1350 724 ubi
1366 699 1438 724 eas
1462 701 1483 723 ν
1507 688 1565 723 vel
1589 701 1630 723 ντ

422 745 741 791 subsequebantur,
780 757 858 781 cum
892 746 1081 781 dissolutio
1112 749 1195 781 aute
1220 758 1247 790 μ
1272 746 1334 780 vix
1364 746 1437 781 ullo
1462 746 1628 791 exemplo
1670 779 1672 782 Α

423 803 650 848 comprobari
679 807 811 849 posset.
863 803 966 845 Quod
993 803 1136 849 planius
1158 804 1234 849 jam
1262 803 1462 849 explicabo.
1646 795 1650 797 ’

519 862 563 896 In
601 865 739 907 partep.
780 865 848 897 act.
881 862 1026 897 verbum
1059 863 1173 896 ποιέω
1206 864 1427 896 contractum
1454 862 1632 907 reperitur

423 922 474 956 32
500 921 537 955 in
565 920 660 959 locis,
695 919 908 955 dissolutum
934 922 1057 961 sexies,
1084 920 1121 954 in
1147 930 1249 966 praes.
1278 930 1374 965 pass.
1400 919 1509 955 indic.
1536 920 1568 955 3.
1595 931 1629 966 p.

423 978 471 1024 pl.
504 981 726 1013 contractum
765 970 819 1013 est
849 980 964 1020 vicies,
1004 978 1156 1013 solutum
1190 979 1318 1017 semels
1341 977 1378 1013 in
1409 977 1525 1024 impft.
1556 977 1630 1013 ind.

392 1075 401 1084 ,
423 1046 519 1082 pass.
559 1036 580 1071 3
618 1047 652 1082 p.
691 1036 739 1081 pl.
780 1039 999 1071 contractum
1034 1036 1166 1081 legitur
1198 1031 1247 1072 30
1277 1037 1315 1072 in
1342 1037 1439 1078 locis,
1476 1035 1629 1071 solutum

422 1095 565 1130 duobus.
617 1094 711 1129 Ante
737 1107 776 1128 ντ
802 1094 914 1139 igitur
937 1094 1064 1140 optimi
1090 1098 1125 1129 et
1152 1094 1296 1140 plurimi
1328 1093 1470 1129 codices
1491 1097 1630 1129 contra-

421 1151 510 1185 hunt
547 1163 585 1185 εο
624 1151 660 1185 in
699 1163 739 1185 ευ
772 1154 823 1187 82
855 1153 891 1186 in
922 1152 1017 1192 Iocis,
1051 1151 1262 1186 dissolutum
1288 1155 1412 1186 tenent
1436 1163 1475 1185 εο
1500 1152 1627 1186 novies.

422 1208 594 1250 Quamvis
622 1208 677 1243 hae
703 1221 821 1244 novem
846 1208 981 1254 formae,
1007 1208 1236 1244 multitudine
1258 1208 1400 1244 illarum
1420 1208 1466 1243 82
1483 1208 1630 1254 obrutae,

422 1266 483 1300 vix
510 1266 547 1300 in
573 1266 645 1301 ullo
672 1277 818 1301 numero
846 1277 924 1301 esse
951 1277 1056 1312 posse
1088 1266 1289 1311 videantur,
1322 1277 1384 1302 eas
1409 1269 1530 1301 tamen
1556 1276 1628 1301 non

424 1323 540 1358 ausim
568 1323 731 1369 rejicere,
750 1323 917 1369 inprimis
943 1324 1077 1359 formas
1104 1327 1215 1369 parte.
1243 1327 1329 1368 act.;
1355 1314 1437 1358 narn
1465 1323 1628 1373 codicum

423 1379 646 1426 optimorum·
667 1381 881 1426 auctoritate
907 1381 1123 1426 muniuntur,
1150 1385 1185 1416 et
1208 1381 1325 1426 legem
1347 1381 1445 1416 illam
1464 1384 1628 1416 constan-

422 1438 495 1484 tiae,
528 1450 634 1483 quam
668 1442 919 1484 praeconcepta
951 1439 1120 1484 opinione
1142 1439 1268 1474 statuit
1293 1438 1435 1484 Abieht,
1461 1442 1499 1474 ut
1525 1438 1628 1484 alias,

424 1496 476 1531 sie
502 1496 570 1531 hac
596 1496 632 1530 in
659 1507 698 1531 re
723 1496 844 1531 valere
879 1496 986 1531 certis
1019 1496 1257 1532 demonstrari
1283 1495 1429 1532 indiciis
1455 1507 1526 1531 non
1552 1500 1629 1542 pot-

422 1558 487 1590 est.
539 1555 630 1589 Item
656 1556 827 1600 νοὲοντες,
855 1554 949 1600 quod
975 1557 1007 1590 7.
1037 1558 1101 1590 168
1126 1554 1269 1600 legitur,
1296 1553 1521 1590 retinendum
1548 1564 1627 1590 esse

424 1616 522 1658 puto,
548 1612 633 1647 lieet
658 1614 820 1651 νοεῦντες
837 1613 988 1658 (semel),
1009 1610 1216 1656 ἀγνοεῦντες
1234 1612 1385 1658 (semel),
1403 1613 1628 1647 διανοεῦνται

424 1670 579 1716 (semel),
604 1670 805 1705 διενοεῦντο
833 1670 973 1716 (semel)
1000 1673 1219 1715 oppugnent.

520 1728 596 1761 Iam
624 1727 669 1762 ad
695 1739 733 1761 εο
760 1731 839 1763 ante
863 1740 883 1762 ν
911 1728 947 1762 in
974 1727 1089 1772 impft.
1118 1731 1185 1762 act.
1212 1731 1447 1763 transeamus.
1479 1728 1629 1780 ἐποίευν

426 1784 579 1819 occurrit
617 1785 739 1830 34:ies‚
777 1785 925 1819 ἐποίεον
957 1784 1102 1830 septies,
1135 1784 1307 1819 ἐπενόεον
1338 1788 1371 1819 5.
1399 1789 1442 1819 65
1468 1784 1628 1820 testimo-

427 1842 524 1876 nium
551 1842 658 1877 habet
685 1842 840 1877 omnium
868 1842 1030 1877 codicum
1058 1842 1154 1877 nullo
1180 1845 1342 1887 excepto.
1380 1843 1461 1877 Non
1487 1846 1542 1878 est
1559 1842 1627 1888 igi-

426 1904 483 1935 tur
508 1900 567 1935 hic
594 1911 654 1935 cur
679 1900 813 1936 formas
839 1901 975 1936 solutas
1001 1900 1037 1935 in
1064 1903 1268 1935 contractas
1293 1904 1484 1936 vertamus.
1534 1900 1627 1942 Quin

424 1957 545 2003 etiam,
585 1957 653 1992 nisi
692 1958 808 1992 forma
839 1958 988 1992 ἐποίευν
1019 1957 1127 1992 toties
1154 1957 1296 1992 obviam
1322 1957 1401 2003 iret,
1429 1967 1628 2003 propensus

423 2026 539 2051 essem
567 2026 711 2061 prorsus
737 2027 816 2051 eam
839 2015 1011 2051 damnare
1032 2018 1067 2050 e't
1090 2015 1220 2051 falsam
1238 2015 1367 2061 ubique
1385 2015 1525 2062 ducere,
1540 2026 1628 2061 prae-

523 2163 550 2191 1)
573 2161 665 2192 Quam
688 2161 867 2187 numerandi
891 2161 1039 2187 rationem
1061 2161 1173 2187 Abicht
1195 2162 1316 2186 secutus
1339 2160 1388 2192 sit,
1410 2159 1523 2186 nescio.
1566 2159 1629 2192 Ego

424 2213 533 2242 autem,
563 2210 666 2237 Steino
700 2210 755 2236 viae
790 2212 1063 2236 commonstratore
1093 2217 1173 2240 usus,
1203 2209 1305 2235 inveni
1335 2209 1554 2244 nonquinque
1576 2207 1628 2233 sed

424 2260 534 2294 viginti
548 2260 688 2293 exempla
706 2258 926 2292 dissolutionis,
943 2267 1003 2284 non
1020 2257 1224 2285 annumeratis
1238 2257 1344 2284 formis
1359 2258 1389 2284 in
1406 2266 1488 2290 -εου-,
1505 2264 1627 2292 quarum

427 2310 534 2336 solutae
557 2308 690 2343 quinque
711 2309 860 2343 leguntur.
