1790 2677
1005 172 1051 208 38

524 257 564 293 Si
588 257 647 293 hic
673 267 824 303 quoque,
850 260 888 292 ut
914 267 1011 303 saepe
1040 257 1133 293 alias
1158 257 1319 304 fecimus,
1339 268 1384 294 ea
1408 259 1530 305 verba,
1556 269 1635 304 quae

428 317 514 349 ante
550 326 568 349 ε
605 316 862 350 consonantem
900 313 1045 360 habent,
1089 313 1285 360 separatim
1323 314 1551 361 intuebimur,
1588 315 1633 350 27

428 371 589 417 syllabas
615 383 669 406 εοι
693 370 830 406 solutas
854 369 988 405 habere
1013 370 1051 405 in
1076 370 1123 406 39
1147 369 1240 406 locis
1263 369 1519 418 intelligemus.
1569 371 1635 408 Oui

429 427 652 463 multitudini
678 427 806 464 cedere
831 438 979 463 necesse
1004 430 1059 463 est
1088 431 1293 463 contractas
1318 427 1454 465 formas
1478 427 1637 465 ἀδικοῖεν

429 487 465 519 et
499 486 690 531 θεωροῖεν.
741 484 876 520 Contra
914 495 958 519 ea
994 483 1178 529 optativus
1217 483 1318 519 verbi
1364 487 1498 531 ποιέω,
1542 485 1638 531 quod

431 543 515 576 ante
541 553 595 576 εοι
621 541 782 577 vocalem
809 541 928 588 habet,
954 540 1237 577 contractionem
1263 552 1336 577 una
1360 540 1523 577 codicum
1549 553 1637 578 voce

428 600 465 632 2.
504 601 568 631 161
614 600 647 632 5.
682 603 736 633 75.
771 602 805 634 7.
838 603 882 634 48
914 599 951 633 in
983 598 1107 633 formis
1144 602 1260 640 ποιοῖ,
1298 602 1452 640 ποιοῖεν,
1492 603 1637 633 ποιοῖτο

429 656 620 688 conservat
646 656 682 688 et
706 653 744 688 in
770 659 916 699 ποιοῖμι
942 657 975 690 5.
1005 658 1070 689 106
1096 653 1259 689 codicum
1280 653 1400 689 ABCd
1416 653 1634 689 testimonio.

428 712 462 747 N
464 723 509 746 on
536 711 665 747 desunt
691 716 813 747 tamen
831 713 998 758 exempla
1017 712 1217 748 solutionis.
1245 712 1305 748 Sic
1323 712 1456 758 legitur
1476 714 1638 747 ποιέοιεν

429 770 567 813 quater,
600 770 747 816 ποιεοίη
773 769 897 815 semel,
928 769 988 804 ubi
1019 772 1139 804 tamen
1167 768 1280 804 codex
1306 769 1336 804 R
1361 772 1468 803 ποιοῖ
1490 768 1637 814 praebet,

428 826 593 859 ποιέοιτο
630 828 664 860 8.
704 829 760 871 76,
799 824 858 860 ubi
898 825 1001 860 codd.
1039 824 1128 860 ABd
1163 825 1315 861 formam
1346 829 1527 868 ποιοῖντο,
1558 835 1637 870 quae

428 891 492 915 suo
525 880 608 925 jure
647 880 793 915 defendi
831 884 962 926 potest,
1001 881 1144 916 habent.
1203 882 1329 917 Soluta
1367 893 1413 916 an
1451 884 1638 916 contracta

429 935 557 982 forma,
588 939 669 971 utra
694 936 732 971 in
757 936 825 972 hoc
849 937 959 972 verbo
985 940 1085 972 recta
1110 940 1217 983 esset,
1243 948 1308 983 pro
1334 940 1432 972 certo
1458 936 1640 973 affirmare

430 993 528 1028 haud
569 1004 657 1029 sane
690 993 850 1039 proclive
882 997 989 1040 esset,
1021 994 1070 1040 ni,
1102 994 1200 1029 velut
1226 997 1309 1029 cum*
1326 994 1370 1029 de
1397 1006 1438 1041 εη
1458 998 1638 1040 ageretur,

420 1049 477 1084 'ad
505 1048 762 1094 inscriptiones
800 1049 995 1095 confugere
1029 1061 1222 1095 earumque
1257 1050 1502 1086 testimonium
1536 1050 1637 1085 adhi-

428 1106 513 1142 bere
553 1117 751 1152 possemus.
809 1107 852 1142 In
885 1107 990 1143 titulo
1027 1107 1121 1143 enim
1162 1107 1253 1154 Tejo
1292 1107 1337 1143 ab
1375 1118 1470 1143 anno
1501 1108 1573 1143 470
1604 1118 1637 1144 a.

430 1163 526 1208 chr„
559 1163 667 1208 plane
698 1163 835 1208 Ionico,
867 1163 1036 1208 leguntur
1068 1164 1124 1198 hae
1150 1164 1361 1198 certissimae
1386 1164 1511 1198 formae
1536 1167 1637 1209 opta-

429 1220 495 1256 tivi
528 1225 635 1255 ποιοῖ
665 1223 701 1255 et
725 1218 922 1269 α’νωθεοίη.
973 1220 1131 1263 Quarum
1158 1220 1233 1256 haec
1258 1220 1446 1256 confirmat
1473 1220 1637 1266 regulam

429 1276 619 1312 solutionis
657 1280 739 1322 post
776 1281 1034 1313 consonantem
1073 1277 1287 1312 adhibendae
1320 1277 1539 1322 syllabarum
1571 1289 1637 1322 εοι,

429 1333 495 1368 illa
532 1336 652 1367 autem
690 1336 771 1367 rata
816 1332 904 1367 facit
943 1333 1110 1379 exempla
1147 1332 1404 1368 contractionis
1443 1332 1637 1368 earundem

430 1389 651 1437 syllabarum
676 1389 715 1425 in
737 1389 847 1425 verbo
874 1392 1000 1426 ποιέω.

529 1448 683 1492 Syllabae
720 1459 774 1481 εοι
812 1449 935 1483 solutae
966 1450 1077 1492 igitur
1104 1451 1245 1483 manent
1273 1450 1355 1491 post
1385 1450 1638 1486 consonantem,

431 1497 684 1539 contJahuntur
708 1504 746 1537 in
772 1515 807 1537 οι
834 1505 870 1538 in
895 1504 995 1538 verbo
1021 1505 1134 1537 ποιέω
1161 1504 1478 1548 verisimillimeque
1502 1504 1540 1538 in
1570 1515 1638 1538 om-

430 1560 535 1594 nibus
560 1559 682 1594 ceteris
707 1561 833 1604 verbis,
858 1571 934 1604 quae
954 1563 1033 1595 ante
1053 1560 1271 1595 thematicum
1288 1571 1305 1593 ε
1322 1561 1474 1595 alteram
1490 1560 1640 1595 habeant

431 1616 582 1650 vocalem
598 1615 634 1659 l).

530 1753 558 1782 1)
590 1750 714 1776 Homeri
739 1750 927 1783 temporibus
956 1758 1003 1775 εοι
1029 1753 1100 1783 post
1121 1752 1337 1776 consonantem
1359 1751 1490 1776 solutum
1512 1758 1637 1783 usurpa-

433 1801 497 1825 tum
525 1806 600 1830 esse,
631 1797 749 1823 indicat
770 1791 901 1823 οἰκέοιτο
930 1797 965 1823 Il.
992 1796 1020 1823 4.
1049 1798 1093 1830 18,
1120 1798 1201 1831 quod
1222 1797 1280 1823 etsi
1301 1805 1441 1824 numerus
1462 1805 1564 1824 versus
1585 1805 1637 1831 po-

434 1847 529 1873 stulat
550 1847 750 1878 contractum,
772 1847 874 1871 tamen
896 1844 1077 1872 solutionem
1099 1848 1208 1873 servat.
