1642 2677
166 224 256 260 mihi
280 223 451 270 contigit:
482 224 580 259 ποιῶ
604 227 634 259 1.
664 228 738 259 117
757 223 833 270 (ubi
857 227 979 259 tamen
1004 224 1107 260 codd.
1134 225 1192 261 GP
1217 227 1278 260 -έω
1305 225 1366 260 ha-

166 283 266 328 bent)
303 285 340 317 et
371 281 595 327 περιποιοῦσι
625 283 660 316 8.
693 285 749 317 76.
805 280 892 323 Quae
917 281 988 317 duo
1016 291 1096 317 csse
1122 282 1366 327 dissolvenda,

166 339 245 384 quis
271 337 523 374 contradicat?
538 338 565 383 ¹)

260 396 342 432 Non
379 405 480 441 oeque
514 394 634 430 facilis
671 395 719 431 ad
755 395 1025 442 dijudicandum
1058 400 1113 432 est
1146 397 1297 442 quaestio
1322 396 1368 433 de

168 453 345 490 vocalium
370 464 412 501 εη
439 452 695 488 contractione.
732 452 801 495 Qui
820 453 1017 489 editionum
1032 451 1224 500 Dindorfii‚
1238 454 1366 501 Steini,

165 510 311 547 Abichti
336 510 547 556 orationem,
573 510 713 555 qualem
741 511 778 546 hi
796 510 1039 557 restituerunt,
1057 521 1211 557 sequens
1229 512 1366 548 solutas

166 571 305 603 tantum
343 567 477 603 formas
514 566 664 613 invenit,
700 567 860 622 codices*
872 567 910 602 in
934 567 991 603 his
1017 567 1259 605 dissolvendis
1284 580 1367 605 con-

164 633 293 668 gruere
323 626 385 658 aut
417 625 514 657 certe
547 625 809 657 contractarum
841 634 1025 658 numerum
1055 623 1240 659 minimum
1273 635 1364 670 esse,

164 679 273 715 facilc
297 682 336 715 ut
360 678 485 714 credat
512 677 642 713 adduci
666 681 795 724 potest.
844 679 932 714 Rem
957 691 1043 715 vero
1067 680 1176 725 longe
1200 679 1307 723 aliter
1325 691 1365 716 se

164 736 297 771 habere
331 746 377 771 ex
413 734 482 770 hac
512 734 780 770 enumeratione
812 735 968 771 omnium
1004 737 1259 783 exemplorum,
1285 748 1364 782 quae

164 792 261 839 apud
284 791 505 828 Herodotum
530 795 624 836 sunt,
650 790 849 836 apparebit.

259 868 399 903 Formae
425 870 630 903 contractae.
918 867 1057 902 Formae
1083 868 1220 904 solutae.

164 927 275 973 ποιῇς
310 928 345 962 7.
385 929 463 961 235.
505 928 540 960 3.
580 928 623 959 36
669 924 731 959 ΑΒ
804 925 1055 972 στρατελατὲῃς
1080 928 1195 961 7.14.

211 983 282 1028 (-ῆς
306 982 362 1027 R)-

166 1039 257 1085 ποιῇ
281 1041 317 1073 3.
344 1041 398 1072 69.
805 1038 913 1084 ποιέῃ
939 1039 969 1071 1.
996 1039 1062 1070 206
1088 1037 1169 1082 (-ἑει
1194 1037 1248 1083 R).

164 1094 316 1140 ποιῆται
354 1096 387 1128 9.
421 1095 477 1127 45.
515 1095 551 1127 3.
585 1095 605 1126 8
626 1092 733 1126 ἈΒΒ.
804 1092 965 1139 διατελέῃ
990 1096 1021 1127 1.
1049 1096 1103 1127 32.

213 1152 246 1184 4.
275 1152 318 1184 65
344 1148 450 1183 ABR.
482 1151 516 1183 6.
543 1151 587 1182 57
612 1147 732 1183 ABCd
803 1147 903 1196 οἰκέῃ
935 1151 969 1183 8.
1006 1152 1083 1183 106.
1116 1158 1195 1183 συν·
1219 1151 1256 1184 2.
1285 1152 1362 1185 120.

164 1204 339 1253 οἰκοδομῇ
363 1209 396 1241 1.
424 1208 479 1239 21.

164 1262 254 1308 δοκῇ
279 1265 314 1297 9.
340 1265 385 1296 48
414 1261 518 1296 ABG.
806 1262 913 1307 δοκέῃ
940 1264 972 1296 1.
1000 1264 1077 1295 122.
1104 1264 1138 1295 4.
1167 1264 1244 1295 120.

164 1316 316 1364 ἐπιζητῇ
351 1319 386 1352 3.
426 1320 469 1361 36
502 1316 595 1352 ABG
627 1316 736 1363 (-οῖ(1,
808 1319 881 1364 ρέῃ.
919 1315 1031 1363 α’πορ·
1072 1320 1099 1352 1.
1134 1320 1211 1351 193.
1250 1316 1303 1350 ἐκ·
1327 1319 1364 1352 2.

212 1378 262 1409 -εῑ
284 1374 338 1421 Ρ).
853 1378 932 1410 149.

165 1434 270 1479 ποθῇ
295 1435 330 1468 3.
359 1435 413 1466 36.
806 1429 962 1479 α’παιτέῃ
982 1435 1016 1468 6.
1035 1435 1110 1466 86α
1129 1431 1209 1477 (-ἐει
1221 1431 1366 1478 ABCd).

165 1488 252 1535 αἱρῇ
275 1490 310 1522 4.
339 1491 416 1522 127.
809 1488 872 1535 δὲῃ
897 1491 928 1523 1.
956 1491 1000 1522 90
1026 1487 1063 1533 (2
1089 1488 1208 1534 μὲι-8.).

166 1543 318 1591 ὸηλῆται
343 1547 377 1579 4.
405 1548 460 1581 87.
808 1545 932 1592 δέηται
956 1547 991 1580 3.
1020 1547 1074 1579 96.

163 1600 293 1649 ἡγῆται
307 1605 341 1637 6.
351 1605 407 1637 74.
423 1601 475 1644 ἐξ·
488 1606 522 1638 9.
538 1606 581 1637 66
592 1603 731 1650 (-εή-Β)
802 1601 988 1649 ἐξηγέηται
1013 1604 1047 1637 5.
1074 1604 1129 1635 23.

166 1658 325 1705 φοβῆται
350 1660 383 1693 7.
411 1661 454 1693 36
479 1658 585 1694 ABR.

262 1732 424 1768 Solutum
450 1732 561 1778 igitur
585 1744 699 1779 genus
724 1733 816 1769 adeo
841 1743 913 1768 non
937 1735 1097 1778 superat,
1114 1735 1153 1767 ut
1175 1731 1297 1778 paullo
1322 1732 1370 1767 sit

167 1789 318 1826 inferius
356 1801 513 1826 numero.
563 1791 701 1827 Novem
739 1791 835 1827 enim
874 1790 912 1826 in
948 1790 1038 1826 locis
1075 1801 1193 1826 omnes
1225 1789 1367 1826 codices

269 1895 298 1932 1)
319 1896 390 1923 Pari
409 1896 500 1923 modo
522 1896 627 1924 utticae
648 1896 774 1924 dialecti
793 1896 908 1923 vocalis
930 1894 963 1929 ὥ,
984 1895 1165 1929 ubicumque
1189 1895 1265 1922 alias
1279 1903 1316 1922 ex
1329 1894 1369 1921 έω

167 1945 266 1970 ortum
294 1946 350 1978 est,
381 1944 414 1970 in
440 1942 481 1970 έω
504 1944 585 1978 apud
604 1944 792 1971 Herodotum
813 1944 950 1970 solvitur.
989 1943 1129 1976 Exempli
1149 1942 1249 1976 gratia
1269 1942 1368 1976 profe-

165 1998 243 2017 ram:
263 1990 370 2027 παρέω
385 1985 475 2026 (εἶμί)
494 1990 526 2017 4.-
539 1992 585 2023 98,
607 1986 695 2017 εἰδέω
709 1990 739 2017 3.
757 1991 820 2023 140,
840 1989 1038 2026 περιθέωμεν
1050 1989 1079 2016 3.
1095 1990 1141 2021 81,
1162 1988 1260 2015 θέωσι
1273 1988 1303 2015 4.
1320 1988 1364 2019 71,

166 2035 301 2063 θέωνται
322 2037 350 2064 1.
374 2038 438 2064 194.
459 2037 487 2066 8.
505 2039 532 2069 4.
554 2035 749 2072 ἐπιμνησθέω
769 2037 799 2065 2.
815 2037 841 2070 3,
863 2033 1044 2074 ἀπαιρεθέω
1057 2035 1087 2063 3.
1102 2037 1148 2069 65,
1170 2033 1370 2069 ἑσσωθέωμεν

167 2082 195 2109 4.
217 2083 263 2117 97,
284 2079 466 2120 ὁρμηθέωσι
486 2085 515 2112 1.
536 2085 583 2121 4⁷,
605 2080 771 2121 εὑρεθέωσι
790 2084 821 2113 2.
843 2085 879 2112 67
900 2086 957 2112 etc.

265 2131 486 2167 Inscriptiones
522 2133 633 2160 Ionicae
667 2131 781 2158 nullum
814 2132 977 2167 perhibent
1007 2131 1174 2166 exemplum
1207 2136 1368 2156 concursus

169 2178 319 2205 vocalium
342 2187 356 2205 ε
375 2181 407 2205 et
428 2187 460 2212 ω,
481 2180 541 2206 nisi
563 2174 685 2206 εἷὸέωσι
707 2179 788 2213 quod
808 2179 856 2206 bia
869 2179 901 2206 in
916 2179 1023 2206 eodem
1037 2179 1128 2205 titulo
1143 2176 1368 2204 Halicarnassio

167 2224 280 2258 legitur
301 2225 369 2258 (cfr.
391 2227 502 2253 Erman
523 2226 539 2262 ξ
563 2227 619 2260 14).
