1790 2677
994 156 1043 192 40

514 242 682 289 Syllabas
707 245 764 278 έεο
791 242 828 277 in
854 244 892 277 έο
918 246 1101 277 coartatas
1127 253 1207 278 esse
1233 254 1357 279 omnes
1382 244 1458 280 fere
1483 243 1626 281 codices

419 300 457 335 in
490 300 669 337 universis
700 300 757 335 his
787 299 907 335 verbis
939 303 1130 346 testantur,
1161 304 1401 346 praeterquam
1427 302 1465 337 in
1489 303 1628 347 δέομαι.

420 357 489 400 Qui
513 358 618 404 pauci
645 357 783 393 variam
810 351 944 392 habe⁰nt
969 357 1173 403 lectionem,
1206 357 1243 393 in
1276 363 1426 395 accentu
1452 371 1475 395 a
1499 360 1629 395 ceteris

421 414 601 461 differunt,
627 414 666 450 id
691 414 786 460 quod
811 414 935 449 formae
960 413 1070 455 αἲτεο,
1098 413 1196 457 (ἵκεο,
1215 413 1348 449 α’πίκεο
1368 415 1628 462 demonstrant,

421 483 614 517 numquam
641 476 760 508 autem
785 470 1076 507 terminationem
1096 473 1153 506 έεο
1172 471 1317 517 plenam
1335 472 1506 518 praebent.
1540 473 1628 509 Cum

422 532 541 564 autem
580 528 656 564 haec
693 528 919 564 accentuatio
957 527 1065 562 nullis
1097 527 1297 564 rationibus
1330 528 1476 564 defendi
1502 529 1628 575 possit,

421 584 574 619 formam
600 585 638 619 in
665 587 718 619 -έο
744 584 857 619 solam
883 594 962 619 esse
982 587 1116 618 rectam
1138 588 1290 629 apparet
1307 585 1341 630 ¹).
1374 584 1508 620 Forma
1526 585 1628 620 ἐδέου

420 642 480 687 (cx
510 641 635 687 ἐδέεο),
673 652 752 687 quae
790 640 1006 687 excipienda
1039 644 1104 686 est,
1142 645 1240 677 recte
1271 640 1359 676 mihi
1390 653 1408 676 ε
1437 641 1628 677 retinuisse

422 698 575 742 videtur,
601 708 681 732 cum
705 698 753 732 sit
778 697 878 732 verbi
903 697 997 732 thesi
1022 698 1272 743 monosyllaba
1296 698 1449 743 ideoque
1469 697 1628 733 deminu-

422 754 557 790 tionem
590 764 662 788 non
693 753 889 799 sustulerit,
926 753 1056 789 vitiose
1088 757 1207 789 autem
1231 765 1270 789 εο
1296 753 1333 789 in
1360 766 1405 789 ov
1428 753 1628 790 Atticorum

423 811 530 847 modo
572 810 809 856 contraxisse,
846 822 925 846 cum
963 811 1161 846 contractio
1191 811 1229 846 in
1260 823 1301 846 ευ
1332 811 1459 847 melior
1490 811 1629 857 fuisset,

423 866 623 913 praesertim
648 878 666 901 ε
690 866 808 901 vocali
840 870 1023 912 praeeunte
1050 879 1099 901 εο.
1152 868 1261 902 ποιεῦ
1286 871 1383 902 recte
1408 871 1629 903 contractum

422 924 460 960 in
497 923 634 960 duobus
672 923 762 959 locis
800 923 891 959 duco
917 924 962 959 ob
988 924 1196 970 praecedens
1231 938 1262 971 ι,
1297 927 1404 960 ποιέο
1441 928 1560 961 autem
1593 928 1627 961 8.

424 986 498 1017 68α
536 982 633 1016 haud
671 981 778 1016 dubie
816 982 1079 1026 corrigendum.
1125 982 1259 1017 Contra
1296 984 1413 1027 φοβεῦ
1440 985 1474 1017 4.
1502 986 1521 1016 9
1558 981 1628 1017 dis-

410 1038 634 1074 ¹solvendum
673 1042 746 1083 est;
785 1049 868 1073 nam
893 1030 1018 1084 ’φοβέο
1047 1039 1103 1074 bis
1128 1039 1271 1084 legitur,
1297 1043 1333 1074 et
1358 1041 1421 1074 -έσ
1437 1039 1474 1074 in
1500 1039 1646 1074 ceteris

424 1095 613 1141 exemplis,
640 1095 678 1130 in
704 1095 832 1140 quibus
857 1106 1062 1138 consonans
1087 1095 1272 1141 praecedit,
1296 1096 1450 1131 solutum
1477 1099 1541 1131 est.

519 1161 559 1197 Si
585 1171 750 1196 caussam
777 1171 928 1207 quaeras,
960 1172 1022 1197 cur
1046 1173 1064 1196 ε
1089 1161 1126 1197 in
1152 1164 1224 1196 -έεο
1255 1161 1302 1197 sit
1327 1161 1467 1208 elisum,
1500 1161 1631 1197 exinde

424 1218 522 1254 haud
560 1218 667 1254 dubie
697 1221 763 1263 est,
802 1217 898 1263 quod
928 1218 1035 1253 Iones
1060 1218 1205 1254 vocales
1230 1231 1276 1264 εε,
1302 1218 1411 1254 tertia
1435 1218 1553 1254 vocali
1579 1229 1632 1254 se-

425 1279 568 1320 quente,
599 1286 671 1309 non
704 1278 787 1309 sunt
817 1274 926 1320 passi.
976 1275 1052 1309 Nec
1084 1275 1190 1309 aliter
1214 1275 1252 1309 in
1277 1274 1530 1320 conjunctione
1555 1277 1631 1309 έεαι

424 1343 482 1368 res
515 1343 594 1368 sese
625 1331 744 1368 habet.
795 1332 872 1367 Hoc
903 1331 1018 1368 solum
1051 1331 1213 1378 interest,
1245 1332 1341 1378 quod
1377 1331 1435 1368 hic
1470 1344 1519 1378 αι,
1557 1331 1633 1368 illic

426 1402 446 1424 ο
486 1389 723 1434 subsequitur.
786 1389 892 1425 Ratio
936 1390 1049 1434 igitur
1085 1390 1167 1435 ipsa
1204 1389 1352 1425 alterius
1389 1402 1407 1424 ε
1444 1390 1631 1425 elisionem

426 1446 464 1481 in
502 1449 578 1481 έεαι
609 1446 794 1492 postulare
825 1446 967 1481 videtur
997 1457 1063 1482 nec
1100 1446 1308 1482 testimonio
1346 1446 1508 1482 codicum
1542 1457 1632 1493 opus

427 1506 494 1549 est,
532 1503 593 1548 qui
624 1506 746 1538 tamen
778 1503 892 1539 multa
923 1502 1076 1539 offerunt
1106 1503 1283 1549 exempla.
1333 1504 1392 1539 Ita
1417 1503 1541 1539 formae
1567 1516 1632 1549 φο-

427 1562 506 1605 βέαι
541 1559 644 1605 (bis),
692 1559 869 1601 ἐπαινέαι,
912 1557 1121 1594 ἀποθανέαι
1164 1559 1371 1594 muniuntur
1418 1559 1633 1595 auctoritate

429 1615 587 1651 omnium
614 1615 776 1651 codicum
803 1619 933 1661 praeter
961 1616 989 1650 P
1021 1616 1137 1662 (cujus
1163 1615 1200 1650 in
1226 1626 1270 1651 ea
1294 1627 1332 1651 re
1358 1614 1541 1662 proprium
1567 1620 1634 1662 est,

428 1673 525 1718 quod
565 1675 654 1708 -έεαι
691 1673 822 1717 ubique
860 1673 1020 1719 retinet);
1064 1673 1216 1708 formam
1253 1671 1452 1719 εὐφρανέαι
1490 1677 1634 1708 tuentur

428 1729 531 1765 codd.
558 1729 710 1765 ABdCR
741 1731 908 1776 (quorum
942 1729 1011 1764 duo
1042 1729 1193 1765 extremi
1226 1729 1263 1764 in
1289 1733 1439 1765 accentu
1463 1733 1634 1776 peccant)

429 1791 464 1822 et
486 1788 641 1832 διαιρέαι
667 1797 732 1832 pro
758 1798 797 1823 se
822 1786 930 1823 habet
956 1786 1058 1823 codd.
1086 1787 1151 1822 AR
1174 1790 1210 1822 et
1235 1787 1264 1822 B
1290 1787 1365 1832 (qui
1384 1790 1505 1823 tamen
1525 1787 1634 1823 habet

428 1845 612 1891 διαίρεαι).
663 1844 795 1880 Plenas
825 1844 960 1880 formas
991 1844 1114 1880 inveni
1144 1845 1318 1891 διαιρέεαι
1333 1847 1376 1898 ,7.
1403 1848 1448 1879 50
1475 1844 1554 1890 (ubi
1579 1855 1634 1880 so-

428 1902 484 1938 lus
509 1902 623 1938 codex
649 1902 679 1938 R
708 1904 801 1950 -ρέαι
827 1902 953 1949 habet)
984 1905 1019 1938 et
1051 1903 1159 1948 δέεαι,
1189 1913 1338 1948 quarum
1370 1901 1527 1949 priorem
1553 1912 1632 1937 esse

430 1959 638 1995 mutandam
677 1959 905 2005 perspicuum
938 1962 1009 2004 est;
1046 1959 1162 1994 altera
1193 1963 1312 1995 autem
1344 1959 1483 1995 intacta
1506 1958 1631 1994 eodem

425 2016 519 2062 jure,
546 2027 614 2061 quo
640 2014 739 2051 ἐδέεο
764 2016 894 2058 (ἐδέεο)
920 2027 1040 2063 supra,
1066 2026 1212 2052 manere
1238 2015 1355 2052 debet.

526 2160 555 2196 1)
584 2161 650 2187 Hoc
677 2161 872 2187 confirmatur
900 2168 918 2187 a
944 2161 1079 2194 genitivo
1101 2160 1255 2187 nominum
1276 2160 1467 2194 propriorum
1488 2159 1521 2185 in
1541 2155 1632 2192 -κλῆς,

432 2209 483 2244 qui
512 2208 689 2236 testimonio
720 2210 752 2235 et
782 2208 919 2235 codicum
951 2210 983 2235 et
1012 2208 1245 2243 inscriptionum
1277 2208 1371 2235 solam
1398 2208 1525 2234 formam
1552 2202 1637 2232 uum.-
1666 2207 1668 2209 '

430 2256 480 2292 (ex
500 2253 601 2284 κλέεος
622 2257 734 2290 ortam)
754 2256 857 2283 habet.
