1790 2677
974 175 1020 211 22

492 261 633 296 Formae
658 263 862 297 contractae.
1162 261 1304 297 Formae
1329 262 1467 300 solutae.

1042 326 1249 372 οἱκεόμενος
1276 327 1396 365 l3zies.

996 418 1004 425 ‚
1043 382 1275 429 ἀδικεόμενος
1296 388 1362 421 ter.

1043 439 1238 486 ἀκεόμενος
1262 443 1385 478 semel.

1045 544 1253 590 αἰτεόμενος
1277 546 1377 584 62ies.

1045 602 1254 648 σιτεόμενος
1277 604 1377 640 52ies.

1042 707 1266 753 φοβεόμενος
1291 711 1427 754 quater.

395 792 692 839 ναυπηγεύμενος
716 792 782 828 bis.

397 848 592 895 ἡγεύμενος
613 852 772 895 ‘quaten
834 850 962 898 -εύμην
1047 849 1241 898 ἡγεόμενος
1291 850 1421 896 l3zies,
1483 853 1603 896 -έυμαι

445 907 567 952 semel.
1090 909 1211 944 semel.

396 963 689 1010 ἀπολογεύμενος
713 966 833 1002 semel.

398 1024 641 1069 προαιδεῦμαι
667 1024 788 1059 semel.
1044 1023 1254 1068 αἰδεόμενος
1277 1027 1342 1060 ter.

1043 1081 1213 1124 δεόμενος
1226 1081 1350 1128 20:ies,
1367 1081 1523 1130 ἐδεόμην
1535 1082 1602 1119 bis.

1044 1184 1218 1229 χεόμενος
1242 1188 1306 1221 ter.

1047 1239 1266 1287 όρχεόμενος
1289 1244 1354 1277 ter.

395 1343 645 1388 ε’ξωθεύμενος
670 1345 792 1387 semel.
1047 1343 1254 1390 αἰθεόμενος
1278 1346 1400 1382 semel.

394 1405 636 1448 μυθευμὲνων
660 1403 782 1439 semel.

1043 1489 1356 1536 προμηθεόμενος
1373 1493 1438 1526 ter.

492 1593 535 1627 In
568 1593 693 1628 formis
725 1593 780 1631 in?
797 1605 872 1628 -εον
899 1596 934 1628 et
959 1605 1068 1628 -εοντ-
1101 1593 1197 1629 haud
1223 1604 1311 1629 sane
1337 1593 1486 1629 difficile
1515 1596 1605 1638 erat,

398 1653 603 1685 contractas
635 1650 770 1686 formas
802 1649 847 1685 ob
880 1660 1002 1685 earum
1035 1650 1254 1696 paucitatem
1285 1650 1392 1696 plane
1417 1649 1544 1685 tollere
1569 1653 1605 1685 et

397 1706 573 1751 relegare.
626 1708 669 1742 In
702 1707 754 1742 eis
792 1710 923 1753 autem,
961 1718 1049 1752 quas
1091 1718 1200 1753 supra
1237 1706 1514 1752 numeravimus,
1552 1710 1606 1742 tot

398 1764 566 1810 exempla
597 1764 855 1800 contractionis
886 1764 932 1811 (si
958 1768 1054 1801 recte
1080 1776 1263 1800 numerum
1289 1763 1520 1811 confecimus,
1544 1764 1606 1811 58)

399 1820 503 1856 nobis
529 1821 672 1856 obviam
698 1832 777 1856 sese
803 1821 971 1867 tulerunt,
1000 1825 1038 1856 ut
1063 1821 1095 1857 si
1120 1821 1186 1856 has
1213 1821 1333 1857 delere
1358 1820 1510 1856 velimus
1535 1821 1605 1856 for-

399 1887 477 1912 mas
509 1877 715 1923 solutasque
746 1877 972 1923 substituere,
1007 1877 1141 1913 crimen
1174 1876 1335 1913 audaciae
1361 1876 1422 1912 vix
1447 1876 1605 1922 effugere

399 1945 507 1981 posse
533 1934 729 1971 videamur.
781 1935 926 1971 Solutas
964 1938 1083 1971 autem
1118 1935 1264 1981 formas,
1302 1946 1380 1970 cum
1419 1944 1604 1970 numerum

400 1992 481 2038 plus
523 1991 755 2027 ducentarum
787 1995 1062 2038 consequantur,
1099 1996 1136 2027 ut
1173 1992 1286 2027 falsas
1321 1991 1460 2037 radere,
1494 1990 1605 2026 multo

397 2048 610 2095 insignioris
637 2053 732 2085 esset
762 2048 988 2085 temeritatis.
1045 2049 1103 2085 Ad
1128 2048 1380 2085 necessitatem
1406 2048 1518 2095 igitur
1543 2047 1605 2083 ad-

400 2108 539 2153 ductus,
565 2108 748 2153 utriusque
773 2107 918 2153 generis
943 2111 979 2143 et
1002 2107 1110 2143 soluti
1127 2110 1163 2143 et
1180 2107 1356 2142 contracti
1374 2105 1605 2150 defendendi,

394 2167 456 2212 jus
488 2165 757 2211 contractionis,
795 2165 914 2210 quoad
951 2164 1030 2200 fieri
1063 2164 1207 2211 poterit,
1238 2164 1375 2210 tuebor,
1401 2164 1454 2199 ita
1472 2167 1605 2207 tamen,

399 2228 448 2270 ut,
475 2223 535 2258 ubi
561 2226 729 2269 suspecta
755 2223 843 2257 mihi
869 2223 1046 2267 videatur,
1068 2213 1147 2257 eam
1173 2222 1415 2257 condemnare
1441 2231 1511 2256 non
1538 2219 1605 2255 sim

399 2283 624 2327 gravaturus.
