1790 2677
1046 158 1068 193 2

459 243 671 292 ἐποιεύμην,
702 243 740 278 111
773 243 900 289 quibus
932 243 1057 278 formis
1090 243 1303 279 exhibendis
1335 248 1438 280 tanta
1463 249 1517 281 est
1542 244 1676 280 fluetu-·

460 301 533 337 atio
560 302 734 347 codicum,
767 305 805 336 ut
840 305 973 336 certam
1006 313 1077 346 qua
1108 312 1228 336 earum
1259 313 1343 337 usus
1376 306 1560 348 regeretur
1585 313 1664 338 nor-

460 370 554 393 mam
594 359 771 404 indagare
809 358 897 393 mihi
935 369 1006 394 non
1040 358 1157 404 magis
1195 370 1300 404 quam
1340 359 1423 395 aliis
1460 359 1664 405 contigerit.

461 417 537 451 Hoc
563 421 685 452 tamen
711 427 781 451 non
808 416 1095 462 improbabiliter
1119 417 1251 462 conjici
1272 428 1378 462 posse
1400 417 1489 452 mihi
1512 417 1677 462 videtur,

459 473 582 519 Jones,
616 477 654 509 ut
688 473 757 509 fert
787 473 879 508 vivae
904 473 1003 509 vocis
1030 478 1169 520 natura,
1195 474 1241 509 ad
1266 474 1531 524 contrahendas
1557 474 1664 520 sylla-

460 531 525 567 bas
552 542 658 577 quam
685 531 732 567 ad
758 531 1034 577 distinguendas
1061 531 1298 578 proclivioris,
1323 532 1361 567 in
1387 531 1565 568 communi
1591 542 1662 567 ser-

461 600 565 624 mone
591 589 725 624 formas
751 588 833 624 illas
857 593 1061 625 contractas
1085 589 1204 635 potius
1228 585 1333 635 quam
1354 589 1490 626 solutas
1510 600 1663 635 pronun-

461 646 596 682 ciasse:
630 646 828 682 scribentes
860 657 945 682 vero
971 647 1034 682 alii
1061 647 1214 682 fortasse
1240 647 1387 693 solutas}
1413 647 1475 682 alii
1502 651 1662 683 contrac-

460 708 517 740 tas
543 705 787 750 praetulerunt,
827 704 890 740 alii
923 704 1077 750 denique
1108 704 1309 750 promiscue
1341 705 1396 740 usi
1422 708 1514 740 sunt.
1565 705 1664 739 Inter

461 773 550 807 quos
577 763 607 797 si
633 762 742 797 fuerit
766 762 980 808 Herodotus,
1009 762 1117 797 facile
1149 762 1375 807 intelligitur,
1402 773 1593 807 numquam
1617 761 1664 796 ad

462 820 638 865 liquidum
678 820 888 865 perductum
919 820 976 865 iri,
1014 831 1084 865 qua
1116 830 1255 865 quoque
1287 819 1323 854 in
1356 820 1435 855 loco
1464 823 1499 855 et
1525 829 1663 865 quoque

465 877 503 911 111
532 877 643 912 verbo
674 877 791 912 forma
818 888 902 912 usus
932 877 989 912 sit.
1045 878 1136 912 Nam
1169 877 1330 913 codicum
1357 877 1394 912 in
1419 877 1486 912 tali
1511 887 1549 912 re
1573 876 1663 912 fides

460 934 560 970 nulla
588 938 673 970 est.»

449 1039 452 1043 ῃ
557 993 709 1039 Bredov,
736 994 796 1038 qui
817 994 949 1029 deinde
966 994 1085 1028 lumen
1107 994 1190 1029 huic
1209 993 1261 1028 rei
1279 994 1410 1029 afferre
1428 997 1578 1029 conatus
1598 996 1664 1038 est,

460 1050 559 1085 illam
586 1050 705 1095 posuit
732 1061 905 1095 normam,
930 1054 967 1085 ut
992 1050 1190 1085 Herodotus
1217 1051 1376 1096 syllabas
1403 1062 1441 1084 εο
1467 1053 1503 1085 et
1516 1062 1578 1084 εου
1603 1054 1665 1085 aut

460 1108 595 1143 solutas
632 1111 693 1142 aut
728 1109 766 1151 in
802 1119 842 1142 ευ
878 1111 1076 1143 contractas
1112 1111 1278 1143 servaret.
1335 1108 1383 1142 At
1414 1118 1485 1142 11011
1515 1106 1663 1142 videbat

461 1168 560 1199 certa
584 1164 696 1199 verba
720 1175 862 1210 semper
888 1165 963 1199 fere
989 1168 1174 1199 contracta
1198 1164 1236 1199 in
1262 1164 1318 1199 his
1335 1165 1460 1199 formis
1478 1175 1568 1210 esse,
1589 1164 1663 1199 alia

462 1225 580 1257 autem
606 1232 677 1257 non
704 1232 889 1257 occurrere
914 1221 984 1257 nisi
1011 1221 1139 1267 soluta,
1171 1225 1206 1257 et
1231 1233 1276 1257 ex
1301 1233 1343 1257 eo
1370 1222 1466 1267 quod
1492 1222 1664 1257 nonnulla

461 1279 633 1314 vacillare
659 1279 850 1324 intellexit,
880 1279 1002 1313 omnia
1029 1279 1080 1314 sic
1106 1279 1225 1314 facere
1249 1279 1340 1314 false
1366 1279 1551 1314 conclusit.

556 1336 672 1372 Unam
711 1340 830 1372 autem
869 1347 948 1372 esse
986 1335 1162 1371 rationem
1199 1347 1321 1371 eorum
1358 1336 1546 1372 verborum
1573 1332 1662 1382 'quae

462 1397 545 1429 ante
571 1382 847 1429 thematicum'e
877 1393 1050 1439 vocalem,
1077 1393 1185 1429 aliam
1213 1405 1291 1439 quae
1319 1397 1575 1429 consonantem
1602 1394 1662 1429 ha-

461 1452 597 1497 berent,
623 1450 759 1496 primus
786 1451 833 1486 ad
858 1451 1136 1496 intelligentiam
1162 1451 1326 1497 pervenit
1352 1451 1501 1487 Carolus
1527 1452 1661 1493 Abioht,

461 1509 520 1554 qui
547 1508 639 1544 hanc
664 1508 780 1554 ipsam
807 1508 1040 1553 quaestionem
1068 1508 1112 1544 de
1138 1508 1288 1554 syllabis
1312 1520 1350 1543 εο
1376 1512 1411 1543 et
1436 1520 1498 1544 εου
1523 1512 1662 1544 contra-

446 1558 588 1602 'hendis
614 1566 902 1601 dissolvendisve
928 1566 1124 1612 separatim
1150 1565 1320 1601 tractavit
1343 1565 1489 1609 (Quaest.
1517 1566 1561 1601 de
1587 1566 1662 1602 dia-

459 1624 551 1658 lecto
578 1623 750 1658 Herodot.
777 1623 880 1668 Spec.
908 1624 936 1658 1.
988 1623 1185 1667 Gottingen
1213 1623 1327 1669 1859).

553 1679 639 1723 Quae
665 1680 735 1716 duo
760 1685 897 1726 genera
921 1680 1121 1725 verborum,
1147 1691 1225 1716 011111
1252 1690 1315 1716 suo
1342 1680 1506 1726 quodque
1526 1680 1563 1716 in
1583 1680 1661 1717 loco

460 1739 682 1784 collocasset,
720 1739 785 1774 illa
815 1738 1016 1784 saepissime
1045 1742 1241 1784 contracta,
1268 1738 1343 1773 haec
1368 1738 1487 1774 soluta
1511 1739 1661 1784 invenit,

460 1807 574 1841 neque
598 1796 682 1831 inde
709 1796 801 1831 hanc
827 1796 945 1841 legem
972 1795 1147 1831 deducere
1174 1799 1228 1831 est
1246 1799 1431 1841 gravatus,
1453 1799 1492 1831 ut
1504 1799 1588 1841 post
1607 1808 1661 1832 vo·
1702 1788 1704 1790 ¹

459 1847 568 1888 calem
592 1854 738 1899 syllabae
769 1865 807 1887 εο
838 1857 869 1888 et
893 1865 955 1887 εου
979 1864 1113 1897 semper
1139 1855 1174 1888 in
1199 1865 1240 1887 ευ
1263 1853 1556 1896 contraherentur,
1575 1857 1659 1898 post

459 1913 702 1945 consonantem
730 1914 844 1945 autem
869 1911 992 1945 solutae
1017 1913 1204 1945 manerent.
1245 1909 1318 1944 Sed
1341 1909 1378 1943 in
1398 1909 1661 1956 disquisitione,

459 1967 560 2012 cujus
597 1966 731 2001 fructus
773 1971 827 2002 est
865 1967 922 2002 lex
960 1977 1070 2013 supra
1108 1966 1314 2012 constituta,
1352 1966 1543 2012 dupliciter
1573 1967 1661 2002 mihi

459 2034 598 2059 errasse
623 2023 777 2069 videtur,
804 2024 956 2069 primum
984 2024 1079 2070 quod
1105 2024 1376 2070 conjunctiones
1393 2036 1431 2059 εο
1449 2028 1485 2060 et
1501 2037 1563 2060 εου
1580 2036 1661 2060 con-

458 2080 562 2126 fudit,
601 2092 680 2116 cum
713 2084 846 2126 tamen,
883 2085 1007 2126 utpote
1039 2093 1110 2116 non
1140 2081 1176 2115 in
1210 2080 1361 2116 eandem
1388 2092 1549 2116 normam
1576 2093 1660 2127 qua-

456 2140 615 2184 drantes,
641 2138 838 2184 separatim
865 2143 985 2173 essent
1010 2138 1221 2184 tractandae,
1247 2139 1440 2174 secundum
1467 2139 1562 2184 quod
1583 2139 1658 2174 nul-

454 2197 526 2232 lam
554 2196 731 2231 rationem
763 2195 994 2230 consonantis
1020 2195 1077 2230 vel
1103 2196 1375 2231 consonantium
1405 2207 1483 2241 quae
1510 2208 1547 2230 εο
1577 2195 1655 2230 sub-

454 2256 624 2298 sequntur
650 2252 785 2287 habuit.
