1790 2677
1045 180 1092 216 30

471 267 657 301 contracta
693 265 730 300 in
761 275 827 300 usu
858 264 970 302 fuisse
1000 265 1143 302 videtur
1174 277 1239 302 nec
1265 267 1344 302 sola
1369 267 1555 315 dissoluta,
1581 269 1676 315 quod

469 321 613 367 Abicht,
631 322 735 366 ‘quod
759 322 921 357 Dindorf
941 323 1065 358 voluit.
1116 324 1159 357 In
1191 323 1337 368 passivo
1368 328 1488 360 autem
1513 326 1674 371 ejusdem

469 378 569 413 verbi
595 389 667 415 non
693 379 925 415 inveniuntur
952 379 1023 416 nisi
1049 380 1175 416 solutae
1200 379 1341 416 sormae:
1373 381 1505 418 δέεσθε
1530 386 1563 418 4.
1596 386 1674 418 119.

469 437 621 472 δέεσθαι
660 442 690 472 1.
727 442 758 472 8.
798 442 853 472 81.
894 442 928 473 3.
967 443 998 473 4.
1024 442 1079 473 46.
1118 442 1151 473 4.
1185 442 1262 474 145.
1295 441 1328 473 5.
1366 443 1410 474 79
1443 441 1537 485 (ter).
1575 445 1609 476 9.
1642 444 1674 475 8.

469 493 587 528 ἐδέετο
614 498 643 529 1.
675 498 729 529 35.
759 498 813 529 59.
840 498 874 530 3.
907 498 984 530 135.
1007 498 1085 530 157.
1112 497 1145 530 5.
1162 498 1217 530 33.
1244 499 1278 530 9.
1302 499 1379 530 110.
1407 508 1511 543 προς·
1537 500 1572 533 8.
1595 500 1672 531 144.

470 551 586 587 ἐνδεῖν
612 556 643 588 1.
675 558 714 587 11
742 553 913 588 vinciendi
932 552 1199 597 significatione
1221 553 1367 599 dictum,
1387 557 1503 588 utrum
1525 554 1572 589 sit
1591 565 1673 589 con-

470 608 698 653 servandum,
725 620 771 643 an
797 609 1018 654 mutandum,
1044 608 1142 643 haud
1161 609 1269 644 facile
1289 613 1343 643 est
1364 609 1577 655 dijudicata,
1596 621 1675 645 cum

471 676 643 711 nusquam
671 665 759 702 alibi
778 665 855 702 haec
876 665 993 701 forma
1013 665 1155 711 legatur
1169 665 1237 702 hac
1250 665 1527 712 significatione.
1558 666 1674 703 Credo

469 728 590 758 tamen
623 724 862 768 Dindorfium,
894 723 1098 768 Abichtum,
1131 724 1292 759 Steinum
1314 725 1397 769 jure
1423 724 1593 769 solvisse3
1620 736 1675 759 so-

470 780 546 814 luta
584 780 679 815 enim
717 779 834 814 forma
865 779 961 826 apud
990 779 1260 826 Hippocratem,
1292 780 1465 825 aequalem
1498 780 1673 816 Herodoti

469 837 667 883 eademque
704 838 830 883 lingua
866 838 1082 884 loquentem,
1124 838 1274 883 vulgata
1310 842 1375 875 est.
1428 839 1552 884 Neque
1589 849 1674 874 vero

470 895 617 929 difficile
643 899 698 931 est
724 906 888 930 caussam
914 895 1171 930 contractionis
1196 895 1384 941 indagare,
1418 907 1496 930 cum
1522 897 1580 930 δεῖ
1602 907 1674 930 non

469 952 586 988 minus
612 957 667 988 ter
691 952 729 988 in
753 952 879 988 eodem
905 952 1047 998 legatur
1073 952 1202 999 capite.

565 1011 612 1046 Ut
650 1010 792 1046 codices
830 1010 866 1045 in
904 1011 1013 1045 tertia
1050 1022 1206 1055 persona
1244 1011 1432 1056 praesentis
1470 1011 1570 1046 verbi
1606 1012 1673 1046 δέω

469 1067 718 1104 contrahenda
759 1067 998 1112 consentiunt,
1040 1067 1091 1102 sic
1131 1069 1316 1103 sce-undam
1352 1080 1541 1113 personam
1585 1070 1674 1113 sins

470 1127 565 1170 impt.
593 1128 658 1160 act.
686 1124 723 1159 in
744 1123 852 1159 certis
870 1124 1082 1169 quibusdam
1103 1125 1222 1160 verbis
1242 1129 1463 1160 contractam
1482 1125 1572 1160 miro
1593 1136 1674 1160 con-

402 1180 416 1188 *
469 1186 575 1217 centu
613 1182 748 1227 volunt,
786 1192 864 1216 cum
903 1181 977 1216 alia
1007 1181 1124 1216 soluta
1155 1181 1287 1217 ibidem
1321 1182 1403 1243 sint.
1454 1180 1556 1223 Quod
1582 1193 1675 1216 com-

470 1240 587 1285 perire
614 1239 749 1285 poteris
770 1250 815 1274 ex
840 1238 1003 1283 sequenti
1030 1242 1234 1283 conspeetu.

588 1325 729 1360 Formae
755 1327 959 1359 contractae.
1228 1324 1368 1359 Formae
1394 1324 1532 1359 solutae.

469 1393 603 1438 θάρσει
643 1397 673 1428 1.
715 1396 746 1427 9.
789 1396 865 1427 120.
907 1396 941 1427 3.
986 1396 1040 1427 85.

517 1451 624 1485 ABR.
652 1455 685 1485 ,9.
714 1454 768 1484 76.
1110 1450 1262 1495 λιπάρεε
1287 1453 1319 1484 5.
1353 1454 1405 1484 19.

472 1507 564 1542 ὤθει
590 1511 624 1543 3.
651 1495 722 1542 78.'
1111 1507 1349 1554 στρατηλάτεε
1380 1511 1410 1542 1.
1453 1511 1527 1541 124.
1575 1509 1606 1542 7.
1642 1510 1674 1541 5.

470 1565 579 1610 χώρει
605 1568 638 1600 5.
666 1569 720 1600 72.
1162 1568 1252 1599 103.

469 1621 585 1667 βώθει
612 1624 645 1657 7.
676 1625 751 1656 157.
782 1626 859 1657 159.
1109 1623 1272 1657 συνοίκεε
1297 1627 1330 1657 9.
1361 1626 1424 1655 111
1452 1621 1546 1667 (bis).

470 1678 654 1723 δυσθύμει
681 1683 715 1714 ὅ.
745 1683 822 1714 100.
1111 1680 1215 1714 ποίεε
1251 1683 1282 1715 1.
1317 1675 1410 1713 124..
1434 1683 1512 1714 209.
1551 1681 1584 1714 5.
1619 1682 1674 1712 40.

471 1739 572 1772 ποίει
599 1741 629 1772 1.
658 1741 724 1771 206
750 1737 853 1772 ABP.
880 1741 914 1772 8,
945 1741 1041 1771 14Οα
1162 1740 1196 1772 7.
1220 1741 1273 1771 18.
1300 1740 1333 1772 8.
1364 1741 1440 1771 100.
1467 1740 1500 1771 ,9.
1529 1740 1582 1770 91.

520 1794 593 1829 ΑΒ.

1255 1828 1264 1842 1

569 1871 655 1906 Cum
682 1870 848 1916 Dindorf,
874 1870 1017 1916 Abicht,
1050 1870 1152 1906 Stein
1182 1870 1317 1916 θάρσει
1342 1870 1379 1905 in
1405 1870 1543 1915 θάρσεε
1568 1868 1675 1904 corri-

471 1932 610 1975 gerent,
648 1928 742 1973 quod
781 1928 937 1963 deterius
977 1932 1055 1963 erat
1092 1927 1252 1963 melioris
1283 1928 1360 1962 loco
1394 1927 1556 1973 posuisse
1587 1925 1675 1960 mihi

471 1986 650 2022 videntur.
700 1986 742 2019 In
773 1985 886 2020 tribus
924 1985 1018 2020 enim
1051 1985 1140 2020 locis
1172 1996 1216 2020 ex
1242 1989 1409 2029 quattuor
1434 1983 1591 2019 universi
1619 1994 1676 2018 co-

472 2044 571 2079 dices
596 2042 877 2077 contractionem
904 2046 1061 2088 servant,
1087 2046 1123 2077 et
1148 2043 1186 2077 in
1207 2046 1333 2087 quarto
1354 2045 1540 2077 contracta
1558 2041 1675 2076 forma
1739 2049 1746 2057 ·

471 2102 541 2137 duo
582 2099 853 2145 antiquissimos
891 2111 954 2146 pro
987 2111 1025 2135 se
1057 2099 1175 2135 habet.
1226 2099 1376 2135 Accedit
1408 2099 1503 2145 quod
1528 2096 1675 2134 Homeri

470 2160 549 2195 sola
575 2162 629 2193 est
655 2157 771 2192 forma
796 2157 939 2204 θάρσει.
982 2159 1056 2193 Nec
1080 2157 1198 2202 magis
1225 2161 1278 2193 est
1305 2158 1400 2203 quod
1426 2156 1529 2198 αἴθει,
1554 2155 1675 2200 χώρει,

470 2217 598 2263 βώθει,
624 2213 807 2259 ὁυσθύμει
834 2215 1026 2250 solvamus.
1083 2216 1182 2249 ποίει
1209 2219 1335 2251 contra
1360 2213 1570 2250 solvendum
1596 2222 1676 2247 cen-

471 2286 544 2320 seo,
577 2285 655 2308 cum
688 2273 792 2306 ποίεε
824 2272 941 2307 sexies
967 2272 1188 2318 adversetur,
1214 2283 1280 2308 nec
1305 2273 1376 2308 nisi
1403 2281 1596 2318 paucorum
1621 2279 1678 2303 co·
