1642 2677
728 134 750 170 3
767 141 769 143 ,

238 222 324 264 Quae
348 222 418 258 duo
442 220 535 256 vitia
559 220 696 256 evitare
722 220 881 266 cupiens,
914 221 993 256 e'um
1026 220 1151 256 tuebor
1182 221 1342 256 ordinem

84 286 94 295 ·
147 279 402 326 disputationis
428 289 528 324 meae,
560 281 598 313 ut
630 288 693 312 eas
717 277 756 312 in
781 279 803 322 ἓ
828 276 946 323 prima
969 288 1177 313 enumerem·
1198 277 1343 325 formas,

145 338 183 380 in
209 336 336 382 quibus
361 336 510 371 vocales
530 347 548 370 ε
568 338 604 370 et
622 347 642 369 ο
662 338 886 380 concurrunt,
904 334 970 370 has
987 335 1139 381 primum
1157 335 1343 383 colligens,

146 394 206 429 ubi
232 396 316 428 ante
340 404 379 427 εο
405 392 552 437 vocalis,
578 391 709 427 deinde
733 391 793 427 ubi
812 402 1013 428 consonans
1031 392 1213 438 praecedit,
1231 396 1343 428 utras-

147 461 224 496 que.
253 453 371 497 autem
410 450 463 485 ita
494 449 667 495 digestas,
701 452 739 484 ut
769 449 962 495 separatim
989 448 1123 485 formas
1149 461 1227 495 quae
1251 461 1342 496 εομ-,

148 519 225 554 quae
251 520 357 554 εοντ-,
383 519 461 553 quae
487 520 561 542 -εον
586 506 753 553 habeant,
779 507 959 543 collocem.
998 508 1087 543 Tum
1114 507 1151 542 in
1170 519 1341 554 paragra-

146 565 217 612 pho
243 565 358 601 altera
382 558 670 612 conjunctionem
696 577 773 600 ε-ου
798 565 970 601 tractabo.

703 832 782 875 §1-

376 946 439 981 ΒΟ
471 958 685 982 concursu
714 947 928 982 vocaliufn
959 959 976 981 ἒ
1009 950 1046 982 et
1075 959 1106 981 0.

141 1079 183 1113 Α.
224 1080 487 1115 Enumerantur
512 1081 615 1115 wrba
641 1082 676 1116 in
700 1081 823 1125 quibus
848 1084 928 1116 ante
952 1092 991 1115 εο
1014 1082 1144 1116 vocalis
1160 1081 1337 1125 praecedit.

282 1193 421 1228 Formae
447 1197 649 1228 contractae.
906 1194 1045 1228 Formae
1070 1194 1205 1229 solutae.

145 1251 174 1285 1.
201 1253 327 1286 ποιέω.

202 1310 392 1358 ποιεῦντος
418 1313 451 1345 9.
480 1313 533 1344 91.
573 1310 683 1344 -εῦντι
708 1313 741 1345 7.
815 1312 1003 1349 ποιέοντος
1031 1313 1060 1344 1.
1095 1313 1171 1345 159.
1209 1312 1339 1350 -έοντες

203 1371 257 1403 29.
284 1368 404 1402 -εῦντα
426 1371 460 1402 4.
487 1371 530 1402 76
549 1367 644 1414 (bis).
666 1371 743 1402 166.
816 1371 847 1402 1.
871 1371 948 1402 158.
969 1371 1046 1402 216.
1073 1370 1107 1402 4.
1131 1371 1208 1403 146.
1235 1370 1267 1403 7.
1286 1368 1339 1402 86·

200 1427 233 1460 5.
260 1428 315 1460 23.
342 1428 375 1460 6.
395 1428 450 1460 75.
478 1426 611 1465 -εῦντες
635 1425 744 1461 316.
819 1424 966 1460 -εόντων
989 1428 1023 1461 8.
1051 1429 1105 1461 86.

206 1486 283 1518 113.
309 1486 343 1518 4.
359 1486 390 1518 2.
405 1487 449 1518 48
476 1484 608 1529 (ἑοντες
626 1482 741 1529 ABd).

200 1541 245 1576 98
278 1541 361 1586 (-εο-
381 1540 525 1587 ABCd).
560 1545 637 1576 133.
666 1544 741 1575 139.

203 1602 281 1634 187.
311 1601 344 1634 5.
373 1603 427 1634 29.
455 1603 510 1634 81.
544 1602 577 1634 7.
604 1601 658 1644 8β.
687 1602 741 1634 23.

202 1661 279 1692 191.
310 1661 342 1693 9.
369 1661 424 1693 53.
452 1661 507 1693 89.
534 1657 682 1693 -εύντων
706 1661 741 1693 3.

204 1718 258 1750 14.
296 1717 329 1750 5.
355 1719 411 1750 41.
448 1719 481 1750 6.
510 1719 587 1750 108.
625 1718 659 1750 4.
686 1718 741 1749 36.

201 1773 339 1813 -εῦντας
364 1776 396 1808 1.
424 1776 479 1808 90.
506 1776 584 1807 207.
617 1775 652 1807 3.
684 1776 738 1807 27.

200 1833 234 1864 4.
261 1834 316 1865 76.
342 1833 376 1865 5.
403 1834 458 1865 33.
485 1834 518 1865 9.
548 1834 601 1864 17.

201 1888 389 1922 ποιεῦνται
415 1891 445 1922 1.
475 1887 552 1921 140.
575 1890 651 1921 193.
677 1890 743 1920 194
817 1887 1004 1919 ποιέονται
1031 1887 1065 1918 4.
1094 1888 1170 1918 180.

203 1943 298 1991 (bis).
323 1947 361 1981 2.
388 1948 443 1981 36.
471 1948 526 1980 86.
550 1948 604 1979 92.
624 1947 679 1979 96.
705 1947 739 1979 3.

203 2005 234 2037 8.
262 2006 317 2037 34.
345 2006 378 2038 4.
405 2007 459 2038 70.
487 2006 542 2037 74.
566 2006 642 2036 177.
663 2005 740 2036 192.

203 2061 236 2094 5.
263 2063 295 2094 5.
315 2063 371 2094 45.
390 2064 445 2095 77.
472 2063 505 2095 6.
529 2063 604 2094 105.
632 2062 666 2094 8.
686 2062 740 2093 26.

201 2120 234 2151 9.
263 2120 317 2152 93.
342 2129 448 2160 μετα·
474 2120 510 2153 2.
539 2120 617 2152 178.
1304 2161 1306 2163 .

201 2173 390 2208 ἐποιεῦνιο
415 2178 445 2209 1.
474 2179 516 2208 13
543 2174 638 2221 (bis).
661 2178 736 2208 186.
810 2173 998 2207 ἐποιέοντο
1024 2175 1061 2208 ,2.
1090 2176 1167 2206 147.
1201 2175 1234 2206 4.
1263 2176 1339 2206 128·
1365 2171 1368 2174 ’

200 2233 307 2266 2.52.
330 2235 364 2267 3.
386 2236 441 2267 37.
468 2235 502 2267 4.
529 2237 606 2268 111.
632 2234 666 2268 5.
688 2235 743 2266 63.
1020 2226 1023 2232 ’
