1790 2677
1018 197 1064 232 32

537 280 766 316 Manifestum
806 286 932 317 autem·
963 285 1028 327 est,
1061 282 1184 318 Iadem
1217 284 1452 320 recentiorem
1485 286 1646 322 Homeri-

442 349 520 373 cum
559 338 708 386 ἐθηεῖτο
747 349 972 384 nequaquam
1011 343 1234 386 recepturam
1266 351 1333 376 nec
1364 343 1645 380 contractionem

441 395 552 430 fuisse
579 406 778 442 passuram,
804 396 875 431 nisi
902 397 1022 442 aliquo
1048 397 1155 432 modo
1175 397 1340 442 legitima
1359 410 1403 434 ea
1422 404 1457 435 et
1475 411 1646 436 concessa

441 453 579 487 fuisset.
630 452 797 494 Quaerere
835 453 946 498 igitur
983 454 1079 496 licet,
1118 465 1195 499 quae
1227 465 1284 489 res
1318 454 1375 489 hic
1407 456 1577 503 effecerit,
1607 462 1646 492 ut

442 509 641 545 contractio
679 509 856 546 vocalium
892 522 929 545 εε
966 510 1003 546 in
1038 523 1071 546 ει
1109 511 1369 548 admitteretur.
1419 513 1512 549 Num
1551 513 1646 559 quod

441 568 557 603 altera
580 568 718 603 vocalis
744 568 975 603 thematieum
1003 581 1020 603 ε
1046 569 1265 604 antecessit?

534 624 591 659 Ad
612 635 718 669 quam
740 624 975 669 quaestionem
996 636 1067 660 non
1086 625 1215 660 melius
1234 625 1519 672 respondebitur,
1537 638 1642 672 quam

442 693 565 717 omnes
592 681 639 717 ad
666 681 733 717 hoc
759 686 866 728 caput
892 682 1113 728 pertinentes
1139 682 1273 718 formas
1293 683 1546 730 enumerando,
1565 696 1643 730 quae

441 744 524 775 ante
551 740 782 775 thematicum
814 752 831 775 ε
857 741 1017 776 vocalem
1044 740 1210 776 habeant.
1262 741 1326 776 Hae
1354 745 1452 777 sunt:

573 827 714 861 Formae
741 830 946 861 contractae.
1190 827 1330 862 Formae
1356 827 1492 863 solutae.

437 882 558 918 εὐνοεῖ
582 886 614 918 7.
643 887 709 918 237
736 883 896 918 ABCdR.
1074 887 1187 924 νοέεις
1213 887 1244 920 7.
1273 888 1327 920 38.

437 940 579 985 ἀγνοεῖν
604 945 640 977 2.
672 945 749 976 162.
777 952 869 976 omn.
896 941 974 976 cod.
1076 940 1233 977 εὐνοέειν
1258 947 1291 987 9.
1320 947 1362 977 79
1390 944 1472 988 (-εῖν
1497 943 1581 989 PR).

437 1000 668 1034 διανοεῖσθαι
694 1004 726 1034 (i.
755 1002 810 1034 86.
838 998 966 1034 ABCd.
1075 1002 1280 1035 κατανοέειν
1304 1003 1339 1036 2.
1370 1004 1412 1035 28
1441 1001 1526 1047 (-εῖν
1546 999 1597 1046 d).

409 1054 412 1057 '
438 1056 532 1092 ἐνόει
557 1060 593 1092 2.
623 1060 699 1091 152.
1077 1057 1175 1092 ἐνόεε
1189 1061 1218 1093 1.
1235 1062 1378 1093 27.155.
1393 1061 1425 1093 3.
1444 1060 1638 1093 31.8.103·

434 1119 579 1162 μυεῖται
605 1118 639 1150 8.
668 1118 723 1149 65.
1074 1115 1306 1150 διανοέεσθαι
1331 1119 1367 1152 ,2.
1398 1119 1474 1150 121,
1504 1116 1535 1150 δ.

531 1201 671 1236 Formae
709 1201 835 1236 solutae
873 1204 909 1236 et
946 1204 1139 1237 contractae
1178 1211 1316 1246 aequum
1347 1200 1458 1246 igitur
1489 1201 1641 1237 afferunt

436 1263 671 1303 momentum3
711 1263 818 1303 atque
855 1259 886 1293 si
923 1258 1146 1293 extrinsecus
1179 1258 1344 1293 alicunde
1376 1259 1548 1293 auxilium
1580 1259 1641 1293 ad-

435 1326 577 1350 sumere
603 1326 674 1350 non
701 1326 897 1360 possemuS,
923 1325 980 1350 res
1004 1315 1100 1349 omni
1121 1325 1184 1360 spe
1205 1314 1476 1360 dijudicationis
1489 1319 1638 1350 careret.

436 1374 504 1408 Per
536 1376 654 1415 autem
687 1376 887 1418 opportune
913 1372 1045 1408 accidit
1070 1372 1164 1417 quod
1191 1372 1312 1408 omnia
1337 1372 1503 1418 exempla
1517 1374 1642 1419 futuri

433 1432 544 1471 attici,
585 1430 644 1474 qui
683 1434 842 1475 vocatur,
881 1430 1032 1465 collecta
1069 1430 1195 1464 habeo.
1247 1429 1332 1471 Quae
1365 1430 1534 1465 universa
1560 1441 1638 1465 esse

435 1491 632 1533 eontracta,
666 1498 710 1522 ex
743 1486 809 1522 hoc
833 1487 1016 1532 intelliges
1047 1491 1241 1533 conspeetu
1279 1498 1418 1523 eorum:
1456 1492 1578 1533 κομιεῖ
1600 1491 1636 1524 2.

437 1550 500 1580 121
512 1558 542 1589 γ,
575 1550 814 1580 κατασκοπιεῐ
844 1550 877 1580 9.
907 1550 961 1586 17,
989 1550 1168 1589 καταγιεῖν
1201 1550 1229 1580 1.
1258 1550 1312 1580 86.
1363 1546 1639 1580 καταπλουτιεῖν

434 1607 465 1636 6‘.
497 1607 574 1647 132,
601 1600 781 1647 ἀτρεμιεῖν
806 1606 841 1639 8.
865 1605 950 1647 68β,
974 1605 1148 1636 θεσπιεῖν
1173 1606 1304 1648 8.135,
1328 1607 1518 1648 μακαριεῖν
1531 1606 1565 1637 9.
1582 1606 1637 1647 93,

431 1663 552 1704 χαριεῖ
577 1662 606 1694 1.
636 1663 690 1705 90,
729 1657 1024 1705 ἀνδραποδιεῖται
1057 1662 1089 1693 6.
1120 1663 1174 1704 17,
1211 1660 1403 1705 χαριεῖσθε
1427 1662 1460 1694 4.
1490 1663 1545 1705 98,
1577 1670 1637 1708 χα-

433 1719 596 1763 ριεῖσθαι
624 1721 653 1751 1.
684 1721 761 1762 158,
793 1717 1059 1751 ἐπισιτιεῖσθαι
1092 1720 1124 1751 7.
1156 1720 1232 1751 176.
1283 1715 1635 1751 ἀνασκολοπιεῖσθαι

431 1777 464 1807 5.
495 1778 560 1807 109
578 1775 614 1819 ¹).
668 1773 754 1808 Cum
790 1773 846 1808 his
879 1773 975 1808 haud
1002 1773 1158 1807 alienum
1185 1777 1239 1807 est
1264 1784 1475 1818 comparare
1500 1773 1635 1807 formas

429 1830 538 1866 futuri
564 1831 751 1866 verborum
778 1830 1011 1876 liquidorum:
1047 1831 1247 1878 κερδανέεις
1271 1834 1300 1866 1.
1330 1835 1386 1876 35,
1419 1828 1636 1877 ἀποβαλέεις

431 1892 460 1923 1.
490 1893 544 1923 71.
573 1892 608 1923 8.
632 1892 687 1933 65,
714 1889 971 1934 διατετρανέεις
995 1892 1030 1924 3.
1054 1893 1108 1934 12,
1134 1886 1302 1928 ἀπολέεις
1327 1892 1361 1924 8.
1386 1892 1473 1934 6οα,
1498 1890 1635 1932 μενέεις

429 1949 463 1981 8.
494 1949 536 1980 62
553 1946 590 1991 “-’),
623 1946 837 1991 διαφθερέει
868 1948 901 1981 5.
930 1950 985 1992 51,
1011 1944 1161 1981 ἀπολέει
1187 1949 1219 1981 1.
1248 1949 1303 1980 34.
1333 1949 1411 1991 112,
1440 1944 1633 1989 ὑπομενέει

428 2007 461 2038 7.
491 2007 570 2048 209,
605 2000 879 2050 ἀποσημανέετε
912 2006 946 2038 5.
973 2007 1028 2048 20,
1061 2001 1293 2038 ἀποκτενέειν
1317 2006 1351 2038 3.
1380 2006 1435 2048 36,
1461 2002 1574 2048 ἐρέειν
1599 2004 1633 2036 4.

426 2065 482 2107 44,
514 2063 654 2105 μενέειν
686 2064 720 2096 8.
754 2065 807 2095 57.
842 2065 919 2096 108.
959 2065 992 2096 9.
1022 2065 1100 2107 106,
1134 2059 1301 2105 ἀμυνέειν
1338 2063 1371 2095 7.
1401 2064 1479 2106 168,
1510 2059 1632 2103 αἰσχυ-

426 2121 520 2154 νέειν
547 2122 580 2153 9.
608 2121 663 2152 53.
690 2116 923 2153 ἀποστελέειν
949 2122 981 2153 4.
1012 2122 1089 2163 179,
1122 2120 1314 2165 σημανέειν
1339 2121 1371 2153 5.
1400 2122 1442 2152 92
1453 2130 1486 2165 η,
1511 2115 1632 2152 ἀνανε-

524 2224 551 2260 l)
572 2224 683 2251 Abicht
704 2224 758 2250 has
780 2225 934 2251 universas
954 2225 1068 2251 formas
1092 2226 1268 2251 constanter
1289 2224 1389 2250 solvit.

519 2274 550 2307 2)
571 2270 651 2309 ἐρεῖς
672 2272 692 2299 8
725 2273 777 2297 100
800 2273 1025 2298 dissolvendum
1049 2273 1129 2298 haud
1152 2273 1246 2299 dubie
1268 2275 1322 2304 est,
1351 2273 1516 2304 eodemque
1539 2270 1627 2295 modo

424 2320 564 2350 ιιανεῖται
587 2322 613 2347 1.
638 2322 698 2347 109.
