1642 2677
748 106 767 143 7

158 191 288 227 sertim.
317 203 395 228 cum
433 192 500 228 hoc
537 192 650 227 solum
688 192 735 227 nit
766 191 1013 236 imperfectum
1045 189 1106 225 ubi
1138 202 1212 224 -εον
1237 188 1273 225 in
1298 202 1359 225 ευν

157 249 400 295 contrahatur,
430 261 507 296 nec,
533 253 570 285 ut
595 249 691 286 infra
715 249 916 294 ostendam,
949 248 1046 293 apud
1071 248 1263 283 Homerum
1290 247 1360 282 nisi

158 306 305 341 ἐποίεον
330 307 387 341 sit.
438 307 524 341 Cum
552 311 670 341 autem
697 317 762 350 pro
790 306 855 340 tali
881 304 1063 340 sententia
1088 305 1222 339 nullum
1249 315 1292 339 ex
1318 305 1360 338 ti-

159 363 243 399 tulis
274 363 408 400 Ionicis
426 365 452 411 ¹)
485 363 605 400 afferri
635 363 750 409 possit
781 361 995 408 exemplum,
1024 361 1113 397 satis
1138 361 1253 397 habeo
1279 372 1360 396 con-

158 420 307 456 tendere
335 421 373 456 in
406 422 482 457 solo
515 421 624 456 verbo
650 423 765 455 ποιέω
791 419 907 465 impft.
934 424 1002 454 act.
1031 421 1061 454 1.
1088 431 1122 465 p.
1149 430 1176 454 s.
1204 423 1240 454 et
1265 419 1286 454 3
1312 419 1360 465 pl.

158 478 253 514 inter
277 491 352 514 -ευν
377 483 412 515 et
437 491 497 514 εον
522 478 705 514 vacillare.

253 537 440 581 Reliquum
479 540 533 572 est
565 540 603 571 ut
637 548 674 571 εο
706 540 786 571 ante
810 549 836 579 μ
866 536 1111 581 inspiciamus.
1161 536 1276 580 Hujus
1302 546 1362 580 ge-

161 592 256 627 neris
301 594 435 628 formas
479 593 624 638 repperi
668 594 844 636 ποιεῦμεν
888 593 1014 638 semel,
1070 594 1245 636 ποιεῦμαι
1288 596 1360 637 ter,

161 650 376 694 ποιεύμενος
407 650 584 696 (aliosque
615 650 776 696 ejusdem
808 650 922 696 ptcpii
954 651 1073 696 casus)
1105 650 1228 695 87:ies‚
1261 650 1361 684 ἑποι-

160 707 275 754 εύμην
306 711 371 753 ter,
408 708 660 752 διανοεύμενος
689 708 756 753 bis,
793 703 997 755 θηεύμενος
1029 711 1166 752 quater.
1217 707 1362 742 Solutus

161 764 226 800 has
258 765 354 800 solas
386 765 508 800 inveni
533 765 667 801 formas
693 768 907 809 ποιέομενος
932 769 962 801 1.
988 769 1044 811 73,
1076 765 1220 809 -εόμενα
1247 769 1277 800 1.
1305 768 1360 810 37,

161 832 230 867 quo
268 825 388 857 tamen
426 822 464 857 in
501 823 580 857 loco
618 823 774 869 optimus
811 823 942 868 codex,
979 822 1176 868 mediceus,
1214 822 1359 866 -εύμενα

161 879 278 915 habet.
330 879 483 915 Obstant
520 891 606 926 ergo
638 882 714 916 ἅμα]
747 880 852 915 modo
885 881 1009 915 solutae
1036 880 1158 915 formae
1187 880 1255 915 100
1279 891 1360 915 con-

161 937 296 973 tractis.
348 937 451 979 Quod
489 949 567 973 cum
604 938 656 973 ita
685 939 742 984 sit,
774 949 819 974 ne
851 938 1033 973 minimum
1066 937 1208 983 quidem
1236 938 1359 973 dubito

161 995 243 1031 illas
269 995 306 1030 in
332 1000 535 1031 contractas
561 1000 640 1032 esse
665 996 854 1031 mutandas
879 996 1095 1031 contendere
1110 997 1148 1042 2).

256 1054 357 1088 Hanc
383 1053 494 1098 igitur
519 1064 679 1088 normam
706 1057 863 1089 statuere
888 1054 1020 1089 audeo:
1049 1054 1094 1088 In
1121 1055 1165 1088 iis
1191 1055 1306 1088 verbis
1324 1055 1360 1088 in

160 1122 218 1151 εω,
245 1122 322 1156 quae
347 1115 425 1146 ante
450 1123 466 1145 ε
492 1112 638 1146 altera-m
663 1112 809 1147 habeant
832 1112 992 1156 vocalem,
1023 1111 1168 1156 syllaba>
1193 1112 1293 1145 ‹so-in
1319 1122 1359 1144 ευ

161 1169 256 1213 apud
287 1168 499 1204 Herodotum
530 1169 791 1210 contrahuntur,
823 1181 956 1213 semper
980 1172 1059 1204 autc
1083 1181 1109 1211 μ
1135 1171 1241 1212 (-μεν,
1267 1180 1357 1211 -μαι,

160 1239 257 1273 -μην,
284 1228 434 1272 -μενος);
461 1228 654 1270 saepissime
679 1230 759 1261 ante
785 1216 860 1268 -vr;
885 1227 1007 1261 solutae
1032 1229 1145 1260 autem
1162 1229 1301 1260 manent
1322 1227 1359 1260 in

162 1283 365 1328 Imperfecto
397 1285 512 1326 activi,
551 1287 685 1328 eze-epto
715 1283 874 1325 ἐποίευν,
913 1284 1012 1327 cujus
1034 1283 1165 1328 sormae
1196 1294 1282 1317 usus
1308 1286 1359 1317 cst

151 1341 375 1385 frequentior
400 1352 504 1385 quam
529 1340 685 1374 ἐποίεον.

255 1511 342 1546 Cum
369 1522 474 1556 porro
501 1511 548 1546 ad
574 1523 618 1546 ea
642 1511 752 1546 verba
777 1511 968 1547 tractanda
993 1516 1149 1558 transeo,
1176 1512 1213 1547 in
1234 1512 1360 1557 quibus

160 1572 243 1603 ante
269 1581 286 1603 ε
311 1579 513 1604 consonans
540 1569 722 1614 praecedit,
745 1569 782 1604 in
808 1569 944 1614 formis,
971 1580 1049 1614 quae
1077 1569 1144 1604 huc
1168 1570 1360 1615 pertinent,

160 1625 412 1661 enumerandis
438 1626 616 1661 rationem
643 1626 845 1662 habendam
872 1638 1006 1662 ‘censeo
1037 1637 1116 1662 esse
1146 1627 1252 1673 hujus
1279 1638 1360 1662 con-

161 1683 325 1718 sonantis
350 1686 498 1718 naturae.
537 1684 584 1719 Ut
610 1684 717 1729 enim,
744 1684 774 1719 si
800 1684 936 1719 vocalis
960 1696 999 1718 εο
1025 1684 1164 1730 anteiit,
1190 1695 1359 1729 magnam

160 1751 240 1775 eam
274 1739 347 1774 vim
381 1740 428 1775 ad
460 1741 743 1776 contractionem
775 1741 974 1775 litterarum
1000 1753 1038 1775 εο
1064 1740 1196 1776 habere
1222 1735 1361 1776 intelle-

160 1797 288 1843 ximus,
324 1797 376 1833 sic
402 1801 518 1833 certas
544 1801 782 1833 consonantes
812 1801 1000 1843 sequentes
1031 1797 1190 1843 syllabas
1216 1810 1254 1833 εο
1280 1809 1361 1833 con-

257 1915 286 1945 l)
308 1913 367 1940 Cir.
390 1914 515 1940 Erman:
538 1914 575 1940 de
598 1914 765 1950 Titulorurp
786 1913 955 1940 lonicorum
978 1914 1111 1940 dialecto
1134 1913 1149 1949 ᾖ
1174 1915 1218 1940 12.

255 1960 287 1996 2)
309 1963 397 1997 Apud
422 1962 585 1988 Homerum
617 1963 671 1988 has
698 1963 799 1989 inveni
831 1963 944 1989 formas
974 1963 1012 1989 ad
1036 1963 1114 1989 hanc
1142 1966 1259 1997 partem
1286 1971 1362 1997 quae-

159 2010 268 2037 stionis
299 2010 485 2044 pertinentes
516 2010 624 2036 ποίεον
652 2011 685 2036 ΙΙ.
714 2010 741 2036 7.
770 2011 834 2036 435.
875 2011 909 2036 11.
935 2010 984 2037 20.
1009 2011 1071 2042 147,
1104 2008 1258 2036 ἐνεποίεον
1278 2011 1312 2036 11.
1335 2011 1360 2037 7.

161 2059 224 2091 438,
257 2055 406 2093 ποιεύμην
430 2057 481 2094 (-’
494 2056 603 2091 —,-‘)
630 2059 665 2085 11.
691 2058 718 2085 9.
748 2059 812 2091 495,
844 2055 1042 2093 ἐθηεύμεσθα
1074 2058 1348 2093 („,-.—,-'v

159 2107 214 2133 Od.
245 2106 272 2133 9.
305 2108 369 2134 218.
411 2107 558 2142 [θηεῦντο
591 2108 645 2134 od.
686 2107 714 2135 2.
750 2108 791 2134 13.
833 2107 877 2134 17.
908 2109 954 2134 64.
995 2108 1029 2134 11.
1056 2107 1082 2134 7.
1112 2109 1176 2134 444.
1217 2108 1263 2134 10.
1295 2110 1360 2135 525.

157 2155 205 2182 23.
234 2156 298 2183 728.
327 2155 407 2191 881].
453 2156 504 2183 Hae
536 2157 629 2191 igitur
659 2157 845 2188 confirmant,
878 2156 959 2190 quod
996 2157 1034 2183 de
1056 2156 1239 2183 Herodoteis
1261 2157 1360 2184 verbis

158 2206 303 2231 statutum
324 2205 483 2233 voluimus.
