1790 2677
974 125 1021 160 20

403 212 663 249 contractionis
688 212 884 258 praebeant,
912 224 1007 256 -εομ-
1026 210 1124 247 haud
1149 221 1231 247 raro
1255 211 1497 248 contrahatur.
1534 213 1608 249 Sed

401 271 479 316 jam
517 270 644 306 harum
677 279 965 314 unamquamque
1003 268 1111 304 trium
1143 267 1436 314 conjunctionum
1462 279 1607 315 separa-

404 327 470 362 tim
496 327 711 362 intueamur.

500 383 640 418 Formae
672 381 710 417 in
741 394 815 417 -εον
847 381 1054 417 desinentes
1080 384 1268 417 occurrunt
1293 380 1437 418 circiter
1464 381 1609 428 modes,
1643 390 1645 392 ·

404 451 482 486 nec,
520 440 591 476 nisi
628 439 747 485 fallor,
786 442 980 474 eontractae
1016 449 1177 484 usquam.
1239 438 1400 474 Dindorf
1426 442 1609 484 nuncupat

405 497 559 532 formam
601 496 762 538 ἐκάλευν,
800 506 907 541 quam
944 494 1066 530 nescio
1100 495 1195 531 unde
1223 495 1427 541 sumpserit.
1462 494 1609 530 ἐκάλεον

406 552 559 588 occurrit
585 556 722 598 quater,
756 556 789 588 6.
816 558 872 598 71,
898 554 932 587 7.
960 555 1015 597 64,
1042 555 1076 597 9,
1102 555 1157 587 20.
1185 555 1246 598 89;
1272 551 1337 587 sed
1362 551 1400 586 in
1425 552 1523 587 nullo
1548 551 1610 587 ho-

406 620 483 644 rum
519 609 677 644 locorum
715 609 855 644 variam
888 607 1008 644 attulit
1041 607 1143 642 Stein
1175 608 1366 644 lectionem
1397 607 1469 643 nisi
1494 611 1526 643 6.
1554 612 1610 653 71,

406 664 465 699 ubi
497 664 612 699 codex
643 675 747 709 quem
788 665 911 699 littera
942 665 966 699 d
995 664 1129 709 signat,
1168 664 1319 699 formam
1358 663 1494 710 praebet
1531 662 1610 698 ἐκά-

406 720 504 764 λουν,
529 720 730 757 Atticorum
755 722 863 757 modo
887 724 1119 757 contractam.

503 777 704 824 Imperfecti
740 780 849 823 igitur
886 779 991 813 activi
1019 779 1142 822 prima
1168 790 1324 823 persona
1354 777 1551 822 sinqularis
1580 779 1612 811 et

405 835 511 869 tertia
533 834 693 878 pluralis
719 835 757 869 in
781 834 837 869 his
862 834 977 870 verbis
1002 834 1124 870 solutae
1149 846 1283 880 semper
1304 837 1388 870 sunt
1403 834 1441 880 ¹).

503 890 674 937 Sequitur⁴
696 894 734 927 ut
758 890 893 927 formas
913 891 951 927 in
972 903 1081 926 -εοντ-
1102 902 1364 927 recenseamus.
1398 890 1613 927 Contractas

408 947 569 993 repperi:
588 948 771 988 οἰκεῦντες
789 951 823 983 4.
847 952 913 983 157
936 948 1011 992 (ubi
1030 952 1151 983 tamen
1171 948 1315 983 codices
1335 949 1366 982 A
1381 951 1417 983 et
1430 948 1459 982 B
1480 949 1614 986 -ἑοντες

375 1025 377 1028 -
408 1003 584 1050 praebent)
616 1004 826 1050 ἱστορεῦντα
851 1007 887 1040 2.
917 1008 972 1050 23,
1003 1003 1171 1052 ἡγεῦνται
1198 1007 1231 1039 4.
1256 1004 1289 1051 2,
1319 1003 1470 1052 ῆγεῦντο
1496 1005 1530 1038 7.
1557 1007 1613 1037 40.

406 1060 547 1095 Formae
585 1059 768 1100 οἰκεῦντες
806 1061 951 1097 obstant
988 1062 1034 1096 33
1070 1061 1195 1097 formae
1233 1061 1396 1107 ejusdem
1428 1059 1614 1106 participii

406 1117 544 1152 solutae.
584 1116 857 1152 Observandum
883 1121 938 1152 est
963 1117 1073 1152 etiam
1096 1116 1327 1163 participium
1353 1116 1490 1162 passivi
1507 1115 1614 1162 hujus

406 1173 507 1209 verbi
537 1184 680 1220 semper
711 1184 790 1210 esse
822 1173 987 1210 solutum.
1043 1175 1119 1210 Nec
1155 1174 1280 1210 formae
1318 1174 1539 1220 ἱστορεῦντα,
1576 1171 1614 1220 ῆ-

408 1231 562 1273 γεῦνται,
580 1229 741 1277 ἡγεῦντο,
762 1235 981 1277 oppugnatae
1001 1232 1046 1266 ab
1064 1232 1262 1277 ἱστορέοντι
1282 1230 1379 1276 (bis),
1394 1231 1616 1275 ἱστορέοντες

408 1286 505 1332 (bis),
530 1285 696 1333 ἡγέονται
722 1286 807 1332 (bis)
834 1289 869 1321 et
890 1286 1039 1333 ἡγέοντο
1063 1286 1223 1333 (sexies),
1250 1290 1347 1321 stare
1367 1296 1473 1332 posse
1491 1285 1614 1321 viden-

408 1346 475 1388 tur,
502 1342 702 1388 praesertim
723 1354 801 1378 cum
821 1343 888 1388 his,
912 1347 950 1378 ut
969 1343 1023 1379 ita
1041 1343 1171 1390 dicam,
1191 1343 1472 1389 consanguineis
1489 1343 1614 1378 adver-

410 1399 517 1449 sariis
554 1399 821 1434 multitudinem
852 1403 1084 1436 trecentarum
1118 1401 1262 1436 circiter
1293 1400 1499 1446 formarum,
1536 1410 1614 1445 quae

410 1459 492 1490 sunt
518 1455 714 1501 dissolutae,
742 1466 786 1490 ex
812 1455 941 1490 ceteris
966 1456 1086 1491 verbis
1112 1456 1311 1502 adjungere
1336 1456 1483 1502 possim.

504 1511 694 1557 Reliquum
730 1515 796 1558 est,
825 1515 863 1547 ut
894 1525 932 1547 εο
963 1516 1047 1549 ante
1074 1526 1100 1558 μ
1126 1512 1372 1559 inspiciamus.
1422 1512 1519 1555 Quas
1545 1513 1615 1548 for-

411 1580 489 1605 mas
531 1569 695 1614 quamvis
739 1580 849 1615 supra
879 1573 1117 1615 enumeratas,
1159 1575 1198 1606 ut
1242 1574 1454 1616 conspectus
1491 1573 1614 1605 earum

512 1704 541 1737 1)
573 1704 661 1738 Apud
687 1704 848 1730 Homerum
875 1705 988 1731 nullum
1015 1705 1150 1732 invenire
1172 1705 1259 1739 potui
1279 1705 1491 1739 imperfectum
1513 1703 1615 1735 activi,

410 1752 463 1778 ubi
484 1760 549 1778 -εον
569 1752 600 1778 in
622 1760 682 1778 -ευν
703 1751 941 1778 contraheretur.
971 1753 1015 1778 Ex
1036 1753 1138 1779 multis
1161 1754 1279 1787 aliquot
1301 1753 1409 1780 afferre
1430 1753 1500 1778 volo
1518 1759 1615 1777 exem-

410 1800 472 1833 pla.
515 1795 672 1834 ἐθάμβεον
691 1797 749 1833 (v,
764 1795 803 1823 -'
818 1810 850 1821 v
870 1799 918 1832 v)
942 1798 997 1826 Od.
1018 1799 1047 1826 4.
1070 1801 1134 1827 638.
1165 1800 1212 1827 10.
1234 1802 1278 1827 62.
1312 1800 1356 1828 17.
1380 1800 1445 1827 367.
1488 1795 1615 1837 ἐπῄνεον

412 1847 468 1874 Οᾱ.
490 1846 517 1873 4.
539 1847 603 1873 673.
630 1845 656 1872 7.
678 1848 742 1874 226.
767 1847 795 1874 8.
818 1848 872 1875 398
893 1850 955 1880 etc;
980 1844 1170 1883 ἀπεκόσμεον
1190 1848 1246 1876 Od.
1266 1849 1292 1877 7.
1315 1850 1380 1876 232.
1421 1843 1617 1883 μετεφώνεον

412 1896 468 1922 Od.
491 1895 538 1922 10.
561 1895 606 1921 67.
637 1895 671 1922 Il.
693 1895 719 1921 1.
742 1896 797 1922 332
818 1898 891 1928 etc.;
921 1891 1012 1934 ᾔτεον
1033 1896 1088 1924 Od.
1110 1897 1158 1924 10.
1182 1898 1225 1924 17.
1266 1897 1381 1924 νείκεον
1402 1897 1458 1924 Od.
1479 1895 1527 1923 12.
1550 1896 1614 1921 392.

411 1944 446 1970 11.
471 1943 515 1969 18.
537 1943 600 1969 498.
640 1939 734 1981 ᾕρεον
755 1944 810 1970 Od.
832 1943 878 1971 19.
900 1945 944 1970 61.
967 1945 1001 1971 11.
1027 1944 1056 1972 2.
1080 1945 1144 1972 154.
1171 1944 1222 1972 24.
1244 1946 1309 1972 579.
1343 1940 1464 1980 ὁμίλεον
1486 1943 1543 1971 Od.
1565 1941 1615 1970 24.

414 1992 458 2017 18.
490 1991 525 2018 11.
554 1991 581 2017 1.
609 1991 663 2017 269
692 1993 749 2017 ete.
791 1992 930 2019 Formam
961 1992 1091 2019 solutam
1122 2000 1223 2019 veram
1253 1993 1347 2020 fuisse
1378 1992 1489 2019 veteris
1520 1991 1613 2022 Iadis,

412 2039 495 2065 nullo
517 2039 637 2072 planius
660 2039 884 2066 demonstratur
905 2040 1052 2073 exemplo,
1079 2048 1167 2073 quam
1188 2036 1305 2072 κάλεον,
1329 2040 1410 2074 quod
1432 2040 1488 2066 od.
1508 2039 1537 2066 8.
1559 2038 1615 2064 550

411 2086 443 2112 in
463 2086 520 2112 hoc
540 2093 627 2112 versu
648 2086 773 2120 legitur:
795 2082 852 2112 εἴπ’
875 2082 971 2121 ὄνομ’,
993 2083 1059 2113 ὅττι
1080 2095 1111 2113 σε
1132 2085 1215 2113 κεῖθι
1229 2083 1336 2113 κάλεον
1349 2084 1451 2123 μήτηρ
1466 2095 1498 2112 τε
1513 2081 1614 2120 πατήρ

411 2141 453 2159 τε.
494 2133 553 2160 Ubi
582 2134 681 2160 forma
710 2130 815 2160 κάλευν
839 2134 864 2160 si
891 2142 909 2160 a
935 2133 1067 2160 dialecto
1094 2141 1155 2160 non
1177 2134 1392 2167 abhorruisset,
1423 2132 1614 2169 praeferenda

411 2181 471 2207 fuit
500 2182 604 2209 formae
635 2179 749 2214 κάλεον,
782 2190 870 2216 quam
897 2181 946 2208 hic
975 2189 1040 2208 cum
1063 2180 1193 2215 synizesi
1215 2181 1317 2215 eloqui
1338 2189 1460 2208 necesse
1482 2182 1536 2206 est.
1559 2179 1612 2205 cfr.

412 2232 560 2263 praeterea
581 2225 733 2267 ἠρίθμεον
754 2229 809 2256 Od.
831 2229 877 2256 10.
900 2230 963 2256 204.

1760 1300 1783 1368 ‘51
