1790 2677
1007 159 1036 185 11

513 237 603 271 Nam
630 236 783 281 codices,
810 240 847 270 ut
874 237 1019 271 omnino
1046 240 1127 271 sunt
1153 235 1422 271 fundamentum
1451 237 1539 271 satis
1566 236 1622 271 fir-

417 315 523 348 mum,
549 303 605 338 cui
632 303 669 338 in
696 303 801 339 rebus
827 302 1030 338 dialecticis
1056 301 1252 349 superstrui
1282 303 1407 348 possit,
1434 307 1480 348 et,
1501 314 1621 338 eorum

417 370 542 405 formis
569 369 680 405 variis
707 369 851 405 collatis
877 374 912 405 et
942 370 978 405 in
1005 381 1157 405 examen
1183 369 1333 415 vocam,
1359 370 1534 405 rationem
1554 369 1623 405 sibi

418 441 696 472 consentaneam
725 436 933 483 plerumque
959 437 1060 483 sequi
1087 441 1238 483 oportet,
1265 436 1316 472 sic
1342 436 1439 472 haud
1464 448 1545 472 raro
1570 440 1624 472 est

417 504 476 540 ubi
516 504 607 540 adeo
639 504 822 550 fluctuent,
861 508 899 540 ut
931 505 1103 551 dijudiari
1137 505 1234 540 nullo
1261 503 1366 540 modo
1393 504 1518 550 possit,
1544 514 1622 549 quae

416 572 533 607 forma
554 572 655 617 justa
681 572 738 607 sit.

513 640 554 673 In
580 639 645 673 tali
673 650 711 674 re
738 643 775 674 ut
801 639 848 674 ad
874 639 1047 684 liquidum
1076 639 1334 684 perveniretur,
1366 639 1496 684 partim
1527 639 1619 673 Τιτη-

415 707 467 741 Ios
495 706 633 741 Ionicos
660 706 833 741 Herodoti
860 707 990 751 aetatis,
1017 707 1148 752 partim
1176 707 1365 742 Homerum
1391 705 1535 741 contuli.

511 772 555 806 Hi
589 772 684 807 tituli
718 773 883 808 fidissimi
916 773 968 808 ita
1000 778 1081 808 sunt
1113 773 1257 807 dialecti
1284 772 1494 807 recentioris
1520 771 1619 806 Iadis

413 843 536 884 testes,
577 839 607 874 si
641 840 735 885 quod
768 840 938 886 scriptum
972 840 1167 886 continent,
1201 844 1324 886 utpote
1355 839 1392 874 in
1420 838 1541 884 lapide
1566 838 1619 873 in.-

413 906 537 951 cisum,
578 911 742 952 tempora
779 907 909 942 vitiare
950 918 1020 942 non
1059 911 1260 952 potuerunt..
1316 906 1464 942 Utilitas
1499 910 1616 940 autem

387 972 389 975 ’
413 984 534 1008 eorum
576 973 671 1008 haud
703 984 828 1019 parum
861 985 903 1008 eo
931 973 1165 1019 'deminuitur,
1192 973 1287 1018 quod
1312 972 1510 1018 saepissime
1536 976 1618 1007 sunt

411 1039 497 1076 facti
533 1041 577 1076 ab¹
607 1040 813 1076 hominibus
845 1041 980 1086 gradus
1011 1041 1193 1077 inferioris
1226 1045 1261 1076 et
1286 1040 1509 1076 humanitate
1536 1039 1616 1075 doc-

409 1108 575 1153 trinaque
602 1108 818 1153 carentibus,
846 1108 905 1153 qui
932 1108 1064 1143 cotidie
1090 1107 1220 1144 Atticis
1247 1108 1449 1143 hominibus
1475 1111 1616 1143 utentes

409 1171 533 1211 horum
560 1176 735 1210 sermonis
763 1176 1043 1220 proprietatibus
1069 1187 1169 1211 suam
1191 1176 1390 1211 miscebant
1410 1175 1613 1210 dialectum.

409 1244 499 1279 Sunt
524 1247 645 1279 tamen
673 1243 939 1289 inscriptiones,
972 1255 1049 1289 quae
1082 1244 1275 1280 Ionismum
1305 1255 1429 1290 purum
1457 1247 1613 1289 servant,

408 1322 555 1354 quarum
590 1306 738 1345 maximi
770 1311 909 1346 testimo
942 1311 1042 1356 duas,
1075 1312 1202 1357 Tejam
1232 1316 1267 1346 et
1293 1311 1612 1359 Halicarnassiam,

407 1387 496 1421 quas
525 1369 724 1412 Gzic'lclmus‘
751 1378 888 1412 Erman
921 1378 956 1412 in
990 1389 1055 1412 sua
1078 1378 1323 1423 disputatione
1358 1379 1402 1414 de
1428 1378 1610 1413 titulorum

407 1444 609 1479 lonicorum
646 1444 801 1479 dialecto
829 1445 907 1491 (cfr.
939 1445 1052 1480 Curtii
1085 1446 1235 1481 Studien
1268 1458 1328 1481 zur
1353 1443 1608 1482 Griechischen

404 1509 477 1544 und
499 1507 755 1545 Latei'nisclien
776 1511 1014 1546 Grammatik
1042 1512 1191 1547 Fiint'ter
1209 1513 1324 1558 Band,
1345 1513 1488 1549 zweites
1509 1515 1608 1559 Heft)

405 1572 634 1613 numeris'13
661 1582 696 1613 et
722 1575 762 1613 21
794 1579 943 1614 notavit.
972 1580 1111 1615 Formae
1137 1580 1323 1615 verborum
1349 1581 1385 1616 in
1412 1593 1457 1615 εω
1479 1593 1607 1618 exeun-

402 1638 502 1689 tium,
529 1655 607 1688 quae
634 1645 670 1678 in
692 1643 753 1679 'his
781 1645 912 1690 insunt,
946 1649 1083 1681 tantum
1112 1647 1281 1691 ponderis
1307 1647 1439 1683 habere
1465 1660 1605 1695 censeo,

399 1713 436 1745 ut
463 1704 726 1756 ad'opiniones
753 1711 939 1757 quasdam,
972 1723 1049 1757 quae
1076 1712 1192 1748 adhuc
1219 1713 1263 1748 de
1290 1715 1535 1751 contractione
1554 1716 1604 1751 vi-

401 1781 565 1823 guerunt,
592 1775 807 1815 evertendas
833 1780 989 1815 valeant.

493 1845 533 1879 In
573 1845 773 1881 Homericis
812 1850 929 1881 autem
965 1847 1089 1882 formis
1122 1847 1326 1893 afferendis,
1364 1860 1426 1885 eas
1457 1853 1601 1887 omnino

400 1911 541 1957 seclusi,
573 1924 661 1957 quas
695 1911 845 1948 metrum
872 1917 933 1949 aut
959 1918 1163 1951 contractas
1189 1919 1250 1951 aut
1275 1916 1411 1953 solutas
1436 1922 1497 1954 aut
1523 1931 1601 1966 pro-

396 1978 522 2014 ductas
541 1980 745 2015 necessario
764 1973 1010 2027 postulaverit,
1029 1983 1126 2017 velut
1144 1982 1312 2025 εἰλεῦντο,
1335 1984 1599 2034 ἐπικρατέουσι,

400 2046 530 2095 θείειν,
564 2046 623 2081 ubi
655 2058 724 2082 non
756 2047 906 2083 formam
940 2049 1092 2095 epicam,
1133 2060 1203 2094 qua
1235 2049 1292 2086 hic
1324 2051 1398 2087 illic
1430 2063 1514 2089 usus
1544 2059 1598 2090 est

394 2111 609 2158 Herodotus,
628 2106 839 2149 confirmare
857 2116 1022 2161 exemplo
1041 2116 1232 2151 Homerico
1252 2118 1426 2154 volebam.
1461 2120 1596 2156 Protuli

392 2182 511 2213 autem
537 2178 682 2225 formas,
710 2181 833 2225 quales
860 2186 941 2217 sunt
967 2182 1142 2230 αἱρεύμην
1182 2188 1227 2209 -’
1245 2206 1300 2230 —,
1320 2184 1396 2231 -—'),
1428 2186 1594 2231 αἰδέομαι

389 2243 449 2293 (—'
470 2265 510 2275 v
531 2247 676 2293 »q—l),
714 2247 867 2283 αἰδεῖται
904 2249 965 2295 (-—'
983 2272 1038 2296 -,
1071 2250 1141 2296 —'),
1181 2262 1269 2296 quas
1306 2263 1428 2288 veram
1460 2256 1592 2292 veteris
