1642 2677
715 111 761 149 39

623 292 780 330 CAPUT
813 294 860 329 4.-

251 414 303 455 De
328 425 503 454 concursu
529 412 664 453 vocalis
688 428 706 451 ε
730 426 812 454 cum
835 413 1003 467 sequenti
1026 428 1083 451 εαι
1108 417 1147 453 et
1170 427 1220 449 εο.

230 532 286 566 Ex
325 530 460 577 nostris
495 530 742 575 grammaticis
771 531 873 567 libris
902 531 1046 576 scimus,
1072 529 1245 565 atticismi
1270 532 1339 564 ter-

137 586 355 622 minationes
386 585 530 621 Passivi
561 597 583 633 ῃ
615 589 650 621 et
681 598 725 621 ου
754 587 1000 623 contractione
1032 585 1252 633 syllabarum
1283 596 1340 619 εαι

136 647 172 682 et
208 656 247 679 εο
285 646 384 679 ortas
415 653 506 679 esse.
556 642 633 678 Hoc
658 653 780 679 verum
806 653 897 690 esse,
922 654 965 679 eo
991 643 1100 689 plane
1125 642 1340 682 declaratur,

136 700 233 747 quod
257 699 295 734 in
321 698 410 734 Iade
434 698 635 734 recentiore
666 699 722 734 hae
746 699 994 735 tantummodo
1019 700 1146 735 solutae
1171 698 1341 733 termina-

133 757 251 794 tiones
288 768 345 791 εαι
375 759 411 791 et
442 768 481 791 εο
512 755 550 790 in
583 766 649 791 usu
674 759 766 791 sunt.
817 756 860 791 In
889 755 1020 802 verbis,
1052 767 1201 802 quorum
1226 754 1340 791 thesis

135 814 174 849 in
205 812 368 849 vocalem
400 824 417 847 ε
449 811 536 857 exit,
568 811 624 846 hae
655 811 779 847 formae
811 812 959 857 passivi,
996 812 1027 848 si
1058 813 1175 858 plenae
1206 814 1339 856 essent,

137 870 175 905 in
200 871 291 904 -έεαι
316 872 352 904 et
377 869 450 902 -ἑεο
476 866 693 902 desinerent.
737 866 825 902 Cum
850 869 969 902 antem
995 867 1116 902 omnia
1132 867 1340 903 Herodctea

137 925 305 973 exempla
330 923 543 970 excusseris,
580 921 828 959 tenuissimam
859 926 999 969 partem
1023 923 1077 959 ita
1098 924 1204 970 plene
1228 923 1340 970 scrip-

137 988 212 1019 tam
239 993 331 1029 esse,
356 981 512 1028 plurima
536 991 621 1016 vero
648 980 847 1027 decurtata,
872 980 986 1016 altero
1006 970 1145 1028 senso,
1165 981 1339 1017 invenies.

232 1058 319 1094 Haee
343 1057 512 1104 exempla
537 1056 597 1093 hic
621 1055 718 1091 infra
741 1066 951 1092 enumerare
976 1056 1058 1092 volo
1079 1056 1195 1103 iisque
1214 1056 1340 1103 adjun-

137 1126 222 1161 gam
254 1125 345 1160 quae,
378 1113 424 1149 de
455 1117 572 1148 futuro
597 1112 707 1148 medii
732 1112 949 1158 liquidorum
974 1113 1162 1148 verborum
1187 1117 1341 1159 sumpta,

141 1175 178 1209 et
209 1171 302 1218 ipsa,
339 1170 458 1207 vocali
489 1182 507 1205 ε
537 1169 763 1216 interposito,
805 1169 915 1216 plena
944 1169 1233 1216 conjunctionem
1264 1171 1340 1205 έεαι

139 1228 356 1274 praeberent.

140 1324 255 1371 φοβέο
280 1324 315 1359 7.
342 1325 398 1358 50.
426 1325 482 1369 52,
509 1322 564 1357 -εῦ
590 1323 621 1357 1.
649 1324 680 1356 9.

139 1380 238 1416 αἰτέο
263 1383 296 1416 1.
324 1384 369 1415 90
393 1378 514 1426 (αἴτεο
534 1378 587 1425 C).

140 1434 225 1472 α’κέο
250 1440 286 1472 3.
311 1440 357 1470 40
382 1433 483 1482 (ἅκεο
508 1434 612 1481 ABd)

141 1492 265 1539 ἐξηγέο
290 1495 326 1528 3.
354 1495 410 1527 72.
436 1494 471 1526 4.
499 1494 530 1525 9.
556 1492 591 1526 7.
619 1493 698 1525 234.

140 1551 247 1583 ποιέο
271 1550 307 1583 8.
335 1550 421 1592 68α,
447 1547 503 1581 -εῦ
528 1550 561 1581 4.
588 1550 619 1581 9.
647 1549 682 1581 8.
711 1549 788 1580 100.

139 1601 293 1639 οἷπικνέο
318 1604 351 1638 5.
379 1605 424 1637 24
449 1599 598 1648 (α’πίκεό
621 1613 685 1646 μοι
708 1600 827 1647 ABG).

139 1659 255 1696 λυπέο
280 1662 315 1695 8.
344 1662 423 1694 100.

140 1715 245 1751 ἐδέου
269 1717 304 1752 7.
334 1718 413 1750 161.

142 1821 275 1866 φοβέαι
301 1822 333 1855 1.
361 1822 404 1853 39
431 1819 534 1860 ς-έεαι
560 1817 604 1861 Ρ)
631 1819 665 1852 7.
693 1820 736 1852 52
761 1817 865 1863 (-έεαι
891 1817 943 1863 Ρ).

141 1877 356 1922 προθυμέαι
381 1878 413 1910 1.
441 1878 507 1908 206
534 1876 638 1918 (-έεαι
663 1873 716 1918 Ρ).

144 1930 309 1967 ἐπαινέαι
334 1934 369 1967 3.
395 1933 440 1965 34
468 1931 573 1975 (-ἑεαι
598 1929 651 1976 Ρ).

142 1988 298 2035 διαιρέαι
322 1989 358 2023 7.
384 1989 428 2021 47
454 1986 518 2022 AR
543 1986 711 2032 (διαίρεαι
736 1985 781 2031 Β)
806 1987 895 2020 -έεαι
921 1988 944 2021 7
970 1989 1015 2020 50
1040 1986 1147 2031 (-ρέαι
1173 1984 1227 2030 R).

142 2043 239 2079 δέεαι
265 2045 299 2079 7.
327 2045 407 2078 161.
792 2049 795 2052 ”

134 2144 342 2198 4εὐφρανέαι
366 2149 401 2183 4.
429 2150 449 2182 9
474 2146 564 2182 ABd
589 2143 800 2193 (εὐφρανέαι
825 2144 901 2190 CR3
928 2146 1017 2179 -έεαι
1042 2144 1095 2189 Ρ).

140 2199 349 2239 ἀποθανέαι
375 2206 410 2238 4.
438 2206 504 2237 163
530 2204 639 2248 (-έεαι
664 2202 715 2248 Ρ).
916 2216 919 2220 ·
