1642 2677
746 109 769 145 5

298 196 437 231 Formae
462 199 666 231 contractae.
910 195 1050 229 Formae
1076 195 1210 229 solutae.

224 256 278 287 23.
308 255 356 288 v7.
385 257 440 288 23.
469 257 545 289 119.
578 257 655 288 134.
684 257 762 287 197.

222 315 259 346 9.
271 314 327 346 42.
353 314 509 355 -μὲνοισι
528 315 559 348 1.
575 316 630 347 89.
657 315 691 346 6.
706 315 761 346 78.

221 372 254 403 9.
281 372 337 404 66.
369 372 512 412 -μένους
543 374 573 404 1.
601 373 654 404 94.
686 372 763 403 150.

221 429 258 462 ,2.
277 430 332 462 32.
355 431 418 463 121
436 428 466 463 δ.
501 431 536 463 4.
557 431 612 462 33.
639 430 674 463 8.
696 430 751 462 40.

223 488 257 519 9.
283 488 339 519 48.

164 597 195 631 2.
222 599 324 632 νοέω.

220 656 380 694 νοεῦντες
403 658 437 690 8.
468 658 498 688 3.
536 655 759 689 διανοεῦνται
832 657 990 693 νοέοντες
1016 658 1048 689 7.
1077 658 1154 688 168.

220 716 253 747 9.
281 715 336 747 54.
366 712 542 746 διε-εῦντο
568 717 600 747 6.
630 716 706 747 133.

830 825 1003 860 ἐπενόεον
1028 828 1061 861 5.
1089 829 1143 860 65.

217 939 470 983 διανοεύμενος
495 941 528 974 5.
550 943 604 974 36.
638 951 760 983 -μενον

219 1001 254 1033 3.
283 1001 359 1033 122.

162 1110 194 1146 3.
222 1108 367 1154 ἅγνοὲω.

221 1167 428 1211 ἀγνοεῦντες
454 1172 487 1203 4.
521 1173 597 1203 156.

164 1225 197 1259 4.
224 1226 415 1271 ommam„

180 1287 183 1288 ⁷
219 1282 419 1329 θηεύμενος
434 1283 460 1328 1)
487 1286 519 1318 7.
547 1286 601 1317 44.
638 1295 761 1326 -μενον

222 1343 254 1374 7.
282 1343 359 1374 212.
400 1352 516 1382 -μενοι
543 1343 576 1375 7.
606 1344 682 1375 146.

219 1396 396 1444 ἐθηεῦντο
422 1400 563 1433 3.136.
602 1400 636 1433 8.
666 1401 720 1432 25.

256 1511 453 1547 Occurrunt
484 1512 595 1557 igitur
630 1512 726 1557 apud
750 1511 970 1547 Herodotum
997 1516 1164 1560 quattuor
1190 1512 1299 1546 verba
1324 1512 1360 1546 in

160 1581 219 1613 εω,
240 1580 318 1613 quae
337 1573 420 1603 ante
441 1581 457 1603 ε
478 1570 629 1603 alteram
650 1569 809 1604 vocalem
831 1569 999 1613 habeant,
1019 1571 1145 1610 ποιέω,
1171 1571 1255 1602 νοέω
1270 1570 1361 1610 (δισ-

161 1626 342 1670 νοεῦμαι),
368 1624 516 1669 α’γνυὲω,
537 1627 709 1673 θηεῦμαι.
743 1625 781 1661 Si
808 1625 982 1660 rationem
1010 1625 1191 1666 conficias,
1219 1625 1279 1670 qui
1300 1637 1361 1660 nu-

164 1693 281 1717 merus
306 1683 353 1717 sit
378 1683 571 1718 formarum
597 1686 870 1727 contractarum,
900 1682 959 1727 qui
985 1683 1192 1727 solutarum,
1219 1683 1360 1717 illarum

162 1739 253 1775 adeo
292 1750 462 1786 superare
500 1740 674 1785 invenies,
708 1743 756 1785 ut,
795 1739 824 1775 si
857 1742 952 1774 recte
984 1739 1260 1785 numeravimus,
1293 1740 1361 1774 218

161 1797 231 1832 loci
270 1797 551 1833 contractionem
590 1797 784 1843 praebeant,
822 1796 1093 1845 dissolutionem
1133 1801 1251 1832 autem
1283 1801 1360 1832 tan-

160 1854 343 1889 tummodo
368 1855 510 1900 viginti.
556 1854 673 1896 Quare
700 1855 736 1889 in
767 1858 932 1900 promptu
958 1857 1013 1889 est
1038 1854 1104 1889 has
1131 1865 1264 1899 paucas
1290 1854 1359 1889 for-

160 1922 236 1946 mas
268 1912 404 1947 solutas
435 1912 634 1947 inscientiae
665 1911 968 1957 negligentiaeque
997 1911 1223 1946 librariorum
1251 1912 1360 1947 aseri-

256 2019 285 2049 l)
305 2015 464 2051 θεώμενον
483 2018 503 2044 3
535 2019 579 2050 32,
618 2034 635 2037 -
669 2016 800 2052 εωμένου
825 2017 851 2044 6.
874 2017 919 2043 67.
948 2032 982 2037 -
1011 2014 1144 2051 εώμενος
1165 2017 1190 2044 7.
1213 2018 1268 2044 208
1291 2020 1361 2044 suut

160 2059 264 2092 fol-mh
295 2066 376 2092 haud
407 2066 498 2093 dubie
514 2067 543 2092 'a
568 2066 701 2092 librariis
728 2066 910 2099 importatas,
937 2073 998 2092 non
1019 2074 1077 2099 quo
1099 2066 1144 2092 hae
1166 2066 1278 2092 Ionicae
1300 2074 1359 2092 non

160 2115 229 2146 siut,
257 2114 309 2140 sed
342 2115 414 2148 quia
445 2112 580 2148 ἐθηεῖτο,
614 2114 693 2148 quod
720 2114 816 2139 sexies
838 2114 957 2146 legitur,
979 2117 1011 2140 et
1032 2110 1177 2147 ἐθηεῦντο
1201 2114 1281 2148 quod
1302 2116 1358 2146 tor,

162 2166 267 2197 aperte
296 2162 434 2189 iudicant
474 2163 660 2189 Herodotum
695 2162 800 2189 eadem
831 2162 915 2188 verbi
945 2163 1056 2194 forma,
1095 2171 1153 2196 qua
1184 2163 1355 2196 Homerum,

161 2219 228 2237 esso
249 2219 343 2238 usum.
