1790 2677
1008 158 1053 192 28

566 244 706 279 Formae
732 244 869 279 solutae.
1156 243 1296 278 Formae
1322 246 1527 279 contractae.

431 310 614 345 πωλέουσι
639 313 675 346 ,2.
705 314 759 344 92.
1088 304 1259 344 πωλεῦσι
1276 310 1309 343 5.
1338 311 1368 343 6.

431 369 617 414 βωθέουσι
643 370 674 403 1.
696 371 751 402 62.
778 370 811 402 5.
829 371 884 402 77.
911 370 944 402 6.
961 371 1015 402 92.
1091 363 1345 413 βωθεῦσανΈ.
1376 370 1452 402 118.

431 427 625 460 κεντέουσι.
652 433 733 469 συγ·
759 428 794 460 3.
822 429 877 459 77.
1093 418 1282 464 κενὶεύσας
1306 426 1338 459 5.
1366 428 1409 459 77
1436 424 1513 470 (εου
1536 423 1592 470 Β).

528 530 632 573 Quod
657 529 811 576 primum
844 529 890 565 ad
921 529 1072 565 formam
1105 530 1252 565 καλεῦσι
1284 529 1425 576 attinet,
1456 529 1635 565 neminem

433 589 512 634 ejus
547 587 788 634 patrocinium
826 590 1072 632 suscepturum
1104 597 1184 631 esse
1215 597 1332 632 spero,
1363 597 1440 622 cum
1467 586 1636 621 καλέουσι

431 644 540 682 toties
571 644 724 689 legatur.
775 644 909 679 Forma
932 643 985 678 ita
1009 642 1255 678 verisimiliter
1280 646 1368 678 nata
1392 646 1458 688 est,
1490 646 1528 678 ut
1553 653 1635 678 eon-

432 701 562 737 tractio
589 701 752 747 proxime
777 700 815 736 in
841 700 967 736 eodem
983 699 1113 745 *capite
1138 699 1320 745 sequentis
1345 699 1468 735 formae
1490 700 1636 734 ποιεῦσι

432 759 469 793 in
496 759 589 793 hanc
615 769 755 803 quoque
781 758 828 793 sit
854 769 875 792 a
900 757 1058 792 librariis
1088 757 1276 792 translata.
1327 757 1457 792 Cetera
1482 756 1637 801 quinque

432 815 600 862 exempla
637 814 894 851 contractionis
932 813 1027 850 unde
1065 817 1144 849 orta
1179 813 1262 860 sint,
1294 813 1391 849 haud
1420 813 1527 850 facilc
1558 813 1637 859 quis

433 873 540 908 dicat.
580 873 724 908 Solutas
751 875 869 907 autem
895 871 1030 907 formas
1054 882 1133 907 esse
1153 870 1421 906 substituendas
1439 871 1501 906 vix
1518 874 1637 917 potest

434 928 573 974 negari.

531 986 690 1021 Solutum
715 987 823 1031 iyitur
855 997 917 1019 εου
950 997 1084 1029 semper
1109 988 1233 1020 manet.
1287 985 1470 1029 Excipitur
1498 986 1636 1020 verbum

434 1043 560 1086 ποιέω,
587 1043 678 1085 quod
701 1054 763 1076 εου
789 1044 825 1076 in
851 1053 892 1075 ευ
917 1041 1097 1076 contrahit.

929 1285 1085 1321 CAPUT
1112 1286 1144 1321 2.

570 1397 621 1438 De
648 1409 821 1438 concursu
846 1396 981 1437 vocalis
1006 1412 1024 1434 ε
1050 1409 1131 1437 cum
1156 1396 1323 1450 sequenti
1347 1412 1364 1435 ε
1390 1400 1427 1437 et
1452 1412 1494 1439 ει.

531 1505 683 1550 Propter
720 1504 904 1550 ingentem
943 1514 1016 1549 prae
1054 1503 1249 1539 contra-ctis
1286 1504 1411 1540 formis
1444 1504 1639 1539 solutarum

437 1562 702 1598 multitudinem
741 1561 886 1607 plurimi
923 1572 1056 1607 eorum,
1096 1561 1156 1607 qui
1194 1560 1238 1596 de
1277 1561 1433 1597 dialecto
1466 1561 1640 1597 Herodoti

435 1620 668 1665 scripserunt,
694 1631 730 1653 εε
756 1622 792 1653 et
817 1630 867 1652 εει
894 1629 1085 1663 numquam
1112 1618 1187 1653 fere
1205 1618 1242 1652 in
1264 1631 1295 1653 ει
1316 1622 1502 1654 contracta
1520 1619 1639 1654 volue-

435 1680 528 1712 runt.
579 1676 682 1711 Hanc
707 1675 867 1720 regulam
897 1674 1060 1721 Dindovf
1081 1679 1222 1710 secutus
1248 1679 1313 1721 est,
1339 1679 1577 1722 praeterquam
1603 1676 1640 1710 in

436 1735 494 1769 δεῖ
518 1737 553 1769 et
579 1733 744 1780 ἐθηεῖτο,
779 1732 873 1777 quod
910 1736 1030 1768 tamen
1064 1732 1204 1768 dubitat
1238 1744 1320 1768 num
1353 1733 1390 1768 in
1417 1734 1568 1780 ἕθηὲετο
1594 1733 1641 1768 sit

437 1790 659 1826 mutandum.
697 1790 772 1825 Nee
797 1789 902 1824 aliter
927 1790 1052 1824 Abicht
1077 1790 1198 1835 sentit,
1225 1789 1284 1834 qui
1310 1793 1345 1825 et
1370 1790 1449 1836 ipse
1469 1791 1526 1825 δεῖ
1546 1790 1641 1826 exei-

438 1848 502 1895 pit,
540 1848 690 1895 ἐθηεῖτο
723 1850 841 1882 autem
876 1847 971 1882 tollit
1007 1847 1232 1892 solutamque
1264 1847 1415 1883 formam
1446 1848 1641 1894 substituit,

438 1906 700 1947 auctoritatem>
716 1905 889 1951 codicum,
917 1906 977 1951 qui
1003 1906 1135 1951 partim
1161 1906 1308 1953 ἐθηεῖτο
1334 1906 1465 1952 partim
1491 1906 1641 1954 ἐθηῆτο,

437 1974 631 2009 numquam
658 1963 809 2010 ἐθηέετο
835 1963 1031 2009 praebeant,
1064 1963 1161 1999 nullo
1187 1963 1293 1998 modo
1323 1974 1503 2000 reverens.
1554 1964 1641 2000 Sen-

437 2021 589 2057 tentiam
626 2020 671 2055 ab
709 2020 845 2055 horum·
866 2021 1144 2056 remotissimam
1177 2024 1213 2056 et
1238 2021 1346 2066 plane
1372 2021 1552 2057 diversam
1579 2032 1641 2056 nu-

438 2078 593 2124 perrime
635 2079 772 2112 Erman
804 2078 894 2112 tueri
927 2081 1077 2112 conatus
1103 2082 1157 2112 est
1183 2077 1260 2122 (cfr.
1287 2078 1437 2113 Erman:
1478 2078 1522 2113 de
1547 2078 1640 2113 titul.

438 2135 550 2170 Ionic.
579 2134 734 2170 dialecto
766 2136 787 2179 ξ
823 2135 891 2181 11),
929 2134 1046 2169 »urbis
1083 2133 1331 2170 Halicarnassi
1363 2134 1505 2180 (patriae
1531 2134 1641 2169 Hero-

438 2192 530 2238 doti)
555 2203 621 2227 nee
647 2202 719 2226 non
745 2191 871 2226 insulae
897 2192 981 2226 Pari
1008 2191 1201 2226 dialectum
1227 2191 1346 2227 medio
1365 2192 1495 2227 saeculo
1516 2191 1640 2236 quinto

437 2248 656 2295 (Herodotus
694 2248 785 2283 vixit
822 2249 1010 2283 490—424
1044 2259 1076 2283 a.
1111 2248 1208 2295 Chr.)
1238 2248 1275 2283 in
1302 2248 1421 2284 verbis
1446 2247 1640 2284 contractis
