1790 2677
1038 187 1085 224 34

545 276 649 312 Hane
680 274 792 321 igitur
823 285 986 310 normam
1017 272 1293 309 contractionis·
1307 273 1527 320 syllabarum
1559 286 1596 310 εε
1620 278 1657 312 et

452 345 504 368 εει
530 344 732 380 proponere
756 332 884 368 audeo.
1070 378 1076 386 ·

551 391 706 437 Syllabae
743 401 781 425 εε
816 393 848 426 et
883 401 935 425 εει
965 389 1088 425 solutoe
1124 389 1220 433 apud
1257 388 1473 425 Herodotum
1506 392 1657 426 manent.

455 448 502 484 In
532 460 565 483 ει
597 451 711 484 tamen
739 447 993 484 contrahuntur
1027 447 1063 493 1)
1093 446 1208 491 verba,
1239 456 1317 491 quae
1339 448 1420 481 ante
1444 446 1661 482 thematicum

455 517 474 540 ε
498 506 648 541 alteram
672 505 822 541 habeant
850 504 1012 546 vocalem,
1039 507 1173 548 praeter
1204 505 1330 538 ποιέω.
1381 502 1419 549 2)
1450 503 1508 539 δεῖ
1530 506 1561 540 et
1584 503 1660 539 δεῖν

456 566 557 607 (opus
590 565 652 603 est,
683 562 840 606 oportet).
887 561 924 607 3)
951 561 1084 606 formae
1115 561 1335 605 imperativi:
1370 559 1519 606 θάρσει,
1556 559 1660 604 ὤθει,

455 619 577 666 χώρει,
614 619 730 665 βώθει
766 622 798 654 et
832 617 1020 662 δυςθύμει.
1091 618 1240 654 Vacz'llat
1276 620 1391 661 autem
1426 618 1531 652 tertia
1567 618 1658 662 siny-

457 677 576 721 Impft.
602 679 668 711 act.
693 677 791 711 verbi
807 676 875 710 δέω
898 676 1003 721 (opus
1024 678 1086 716 est,
1112 674 1261 719 oportet)
1280 675 1371 708 inter
1390 673 1468 708 ἔδεε
1487 676 1518 708 et
1536 673 1609 708 ἔδει
1621 674 1659 719 ¹).

947 917 1104 954 CAPUT
1136 917 1170 952 3.

556 1028 607 1068 De
632 1040 809 1069 oonoursu
832 1027 969 1068 vocalis
993 1043 1011 1066 ε
1036 1040 1118 1068 oum
1142 1027 1309 1080 sequenti
1332 1043 1373 1076 ω,
1399 1042 1422 1077 η
1447 1030 1486 1067 et
1510 1042 1556 1065 οι.

553 1135 596 1169 In
629 1133 882 1180 conjunctione
913 1146 959 1169 εω
992 1133 1141 1169 multum
1172 1143 1252 1169 esse
1281 1132 1372 1168 nihil
1403 1132 1545 1178 attinet,
1571 1143 1662 1179 eum,

459 1192 586 1227 duobis
623 1191 713 1226 loeis
750 1191 923 1236 exeeptis,
959 1190 1089 1236 ubique
1121 1190 1169 1226 sit
1199 1190 1386 1226 dissoluta.
1438 1191 1498 1225 Ita
1529 1190 1667 1235 legitur·

458 1250 570 1285 δοκέω
593 1247 914 1294 innumerabiliter,
945 1249 1059 1283 ποιέω
1086 1250 1117 1283 1.
1144 1250 1200 1282 38.
1232 1250 1267 1283 3.
1294 1250 1350 1282 69.
1377 1249 1412 1283 7.
1441 1250 1519 1282 186.
1545 1250 1578 1283 9.
1606 1250 1662 1282 79.

455 1308 545 1342 νοέω
583 1308 618 1342 7.
656 1309 719 1341 8α.
760 1304 839 1340 ἐπι·
868 1308 904 1341 3.
938 1308 1015 1340 134.
1052 1307 1086 1340 5.
1119 1308 1174 1340 24.
1201 1308 1257 1339 30.
1301 1304 1493 1349 ἐπιθυμέω
1518 1303 1661 1341 3.-134.

460 1363 588 1398 πωλέω
614 1366 649 1398 3.
678 1366 757 1398 139.
793 1359 955 1397 ἀπιστέω
981 1364 1016 1397 4.
1041 1365 1095 1396 96.
1126 1362 1271 1407 διαιρέω
1297 1363 1332 1397 7.
1360 1364 1442 1405 167.
1481 1363 1663 1406 ποιέωμεν

460 1424 491 1456 1.
521 1423 598 1455 159.
636 1422 672 1456 3.
705 1423 762 1455 71.
812 1417 987 1464 οἰκέωμεν
1024 1421 1058 1454 4.
1096 1422 1173 1454 114.
1208 1421 1285 1454 115.
1334 1418 1489 1454 δοκέωσι
1519 1420 1554 1454 4.
1583 1421 1662 1464 139,

461 1479 617 1512 ποιέωσι
641 1478 676 1519 4,
704 1479 783 1512 156.
809 1479 843 1512 9.
872 1479 927 1511 98.
960 1478 1142 1523 φρονέωσι
1166 1477 1201 1512 7.
1231 1479 1310 1522 102,
1332 1477 1504 1522 βωθέωσι
1529 1477 1564 1512 7.
1582 1479 1662 1522 235,

461 1534 674 1581 ἐξηγέωνται
699 1536 730 1568 1.
748 1536 837 1568 ·159.
869 1536 903 1569 9.
932 1537 987 1569 11.
1023 1534 1173 1568 δέωνται
1197 1535 1234 1569 2.
1262 1536 1340 1568 173.
1369 1535 1404 1568 4.
1432 1536 1488 1578 94,
1513 1534 1664 1568 ποιέων-

459 1603 520 1626 ται
546 1593 580 1626 4.
607 1594 663 1626 70.
690 1591 723 1625 5.
753 1593 808 1625 82.
835 1590 1061 1632 ἐξωθέωνται
1086 1592 1119 1625 5.
1145 1593 1224 1636 124,
1249 1589 1377 1636 quibus
1402 1589 1489 1626 addi
1513 1593 1663 1636 possunt

461 1649 509 1683 40
531 1647 725 1694 participia
749 1647 787 1682 in
813 1649 896 1683 -έων
921 1647 1136 1693 desinentia,
1166 1658 1245 1692 quae
1278 1647 1359 1693 plus
1383 1650 1525 1683 eentum
1550 1647 1589 1683 in
1613 1647 1663 1682 lo-

459 1705 512 1741 eis
536 1705 715 1750 leguntur.
764 1704 851 1740 Haee
887 1704 967 1740 sola
1003 1704 1170 1750 exempla
1206 1703 1463 1740 contractionis
1500 1704 1662 1741 invenire

557 1808 587 1843 1)
619 1808 654 1835 In
685 1809 895 1837 contractione
925 1810 1074 1837 vocalium
1101 1818 1133 1837 εο
1159 1809 1320 1837 maximam
1345 1811 1464 1844 partem
1490 1810 1661 1837 consentire

459 1856 622 1883 Homerum
644 1858 676 1883 et
696 1856 882 1883 Herodotum
904 1858 1089 1890 videbamus,
1120 1857 1152 1884 in
1180 1866 1210 1884 εε
1232 1859 1333 1884 antem
1353 1856 1573 1891 digrediuntur,
1595 1865 1661 1884 eum

457 1903 508 1930 hic
530 1902 750 1936 dissolutionis,
780 1903 833 1933 ille
859 1903 938 1930 viam
964 1905 1183 1932 contractionis
1214 1907 1368 1939 sequatur.
1413 1904 1479 1931 Hoc
1500 1904 1604 1938 aliqua
1624 1911 1661 1930 ex

458 1952 547 1985 parte
569 1950 748 1984 apparebat,
775 1958 842 1977 cum
870 1951 908 1977 de
934 1960 964 1978 u
985 1952 1017 1978 in
1038 1952 1171 1979 secunda
1191 1959 1322 1987 persona
1342 1950 1417 1985 sing.
1438 1951 1611 1986 imperativi
1631 1953 1663 1978 et

457 1998 552 2025 tertia
566 1997 643 2031 sing.
658 1997 830 2032 imperfecti
847 1998 1080 2033 disputaremus,
1095 2000 1190 2026 multo
1207 2001 1308 2026 autem
1320 1998 1381 2026 erit
1395 1998 1577 2032 evidentius,
1593 2007 1658 2026 eum

456 2044 571 2071 formas
602 2045 779 2072 Homericae
803 2045 835 2072 in
860 2054 934 2072 -εστ-
954 2046 1149 2074 intuebimur.
1193 2047 1257 2073 Has
1278 2046 1358 2073 enim
1379 2054 1441 2073 non
1462 2047 1583 2081 repperi
1603 2046 1662 2073 nisi

456 2092 642 2117 contractas.
672 2092 799 2126 Aliquot
819 2099 1053 2120 commemorare
1072 2093 1160 2120 licet:
1182 2088 1317 2120 αἰνεῖτον
1337 2092 1393 2120 Οᾱ.
1407 2092 1454 2120 18.
1467 2094 1512 2126 64,
1531 2089 1659 2119 α’ωτεΐτε

455 2137 489 2165 0.
511 2137 558 2166 10.
580 2138 645 2172 548,
667 2133 793 2174 αἱρείτω
813 2139 849 2167 11.
869 2139 899 2167 2.
914 2139 959 2166 34.
980 2138 1028 2166 10.
1046 2140 1110 2173 193,
1132 2136 1328 2177 ἀναχωρείτω
1348 2140 1384 2168 11.
1401 2139 1429 2168 4.
1445 2140 1509 2167 305.
1531 2139 1579 2167 11.
1595 2139 1659 2171 189,

454 2181 592 2223 ἀρνεῖται
613 2186 648 2213 Ο.
670 2186 698 2213 1.
719 2187 784 2214 249.
807 2186 852 2214 16.
877 2187 939 2214 126.
966 2184 1114 2214 πωλεῖται
1135 2187 1168 2214 Ο.
1190 2187 1217 2214 4.
1239 2188 1304 2214 384.
1327 2188 1362 2214 11.
1383 2187 1413 2215 3.
1437 2188 1501 2220 196,
1513 2185 1659 2223 μυθεῖται

446 2232 487 2265 ,0.
507 2232 553 2260 11.
576 2233 641 2266 345,
662 2228 796 2261 αἰδεῖται
816 2234 849 2261 Ο.
873 2234 919 2262 17.
935 2235 999 2267 578,
1020 2230 1123 2271 ἡγεῖτο
1146 2236 1180 2263 0.
1202 2234 1247 2263 16.
1264 2236 1328 2263 396.
1349 2236 1385 2263 11.
1405 2235 1453 2264 12.
1469 2235 1514 2263 2⁷.
1535 2232 1657 2272 ἠρνεῖτο

453 2279 487 2307 Ο.
507 2280 557 2308 24.
581 2282 644 2308 126.
665 2282 701 2308 11.
725 2282 775 2310 23.
798 2283 842 2308 42.
