1790 2677
1052 217 1100 252 42

473 305 531 338 έαι
556 306 587 339 ct
611 305 651 338 ἑο
676 304 858 339 exsistant.
902 301 1140 354 Enczpc'untur
1171 302 1275 338 verba
1306 302 1394 339 thesi
1424 302 1675 349 monosyllaba,

474 372 551 407 quae
587 362 863 397 terminationem
898 361 972 395 έεαι
1011 362 1042 395 et
1078 361 1135 394 έεο
1165 360 1311 404 plenam
1347 364 1499 396 servant.
1563 360 1605 396 Si
1636 371 1676 395 εο

475 421 555 455 ante
579 429 618 454 se
639 418 791 454 vocalem
815 418 924 460 habet,
950 418 986 453 in
1012 428 1053 451 ευ
1077 416 1295 453 contrahitur
1309 417 1346 461 ¹).
1397 455 1405 461 ⁸

570 616 649 653 Etsi
675 615 963 662 disquisitionem
989 625 1107 650 meam
1133 614 1180 651 ad
1207 616 1313 651 finem
1335 616 1414 662 jam
1438 616 1589 662 perduxi
1610 627 1675 652 nee

476 674 636 720 pluribus
660 673 781 709 verbis
807 684 896 719 opus
922 672 1064 708 videtur
1086 684 1177 719 esse,
1202 673 1298 708 haud
1325 673 1481 708 alienum
1506 673 1675 718 paradig-

475 734 575 767 mata
597 730 735 777 aliquot
756 730 956 777 adjungere
976 730 1111 776 putavi.
1143 730 1263 766 Verba
1291 729 1410 774 οἰκέω,
1433 730 1560 774 καλέω,
1584 732 1673 766 νοέω

475 792 511 824 et
536 791 651 824 ποιέω
685 788 816 833 delegi.
844 787 949 823 οῑκέω
976 788 1178 833 exemplum
1211 787 1336 823 talium
1367 787 1567 832 verborum,
1597 797 1676 832 quae

475 849 560 881 ante
587 845 821 881 thematieum
855 857 873 880 ε
903 848 1172 892 consonantem,
1195 847 1297 891 νοέω,
1323 855 1401 890 quae
1427 844 1589 880 vocalem
1614 843 1676 879 ha-

474 903 595 950 beant,
625 914 705 940 esse
729 903 837 939 volui.
887 902 1001 939 καλέω
1040 914 1160 939 eorum
1199 902 1343 939 nomine
1381 902 1497 949 attuli,
1528 913 1607 949 quae
1637 901 1675 937 in

476 961 623 1007 passivo
654 964 739 997 ante
769 974 796 1006 μ
821 960 1003 998 vacillent.
1042 963 1155 996 ποιέω
1184 961 1338 1007 denique
1361 960 1525 1007 apposui,
1551 963 1675 1007 utpote

475 1018 597 1055 multis
632 1019 670 1054 in
700 1019 806 1054 rebus
837 1030 860 1054 a
891 1020 980 1054 νοέω
1015 1018 1185 1055 differens
1216 1022 1252 1055 et
1281 1019 1412 1065 ubique
1443 1018 1540 1065 apud
1564 1018 1674 1054 Hero-

475 1076 597 1112 dotum
623 1087 823 1113 occurrens.

572 1216 601 1252 1)
630 1217 692 1244 Has
724 1218 838 1245 formas
865 1219 897 1245 in
927 1218 993 1246 e'eac
1017 1221 1048 1246 et
1074 1218 1122 1245 ἐεο
1150 1219 1249 1246 eidem
1274 1218 1399 1246 obedire
1424 1219 1495 1254 legi,
1527 1219 1673 1247 Homerus

474 1273 593 1300 quoque
614 1265 728 1293 indicio
751 1268 805 1298 est,
828 1266 880 1301 qui
899 1267 931 1293 in
951 1267 1088 1302 utrisque
1107 1267 1234 1294 alterum
1256 1276 1269 1294 ε
1291 1269 1343 1295 aut
1364 1267 1453 1294 elidit
1474 1269 1525 1294 aut
1546 1275 1612 1294 eum
1634 1268 1674 1294 al-

472 1316 539 1341 tero
572 1323 585 1341 ε
616 1314 646 1341 in
678 1322 706 1340 ει
737 1315 900 1348 contrahit,
927 1318 1018 1350 prout
1044 1324 1147 1343 versus
1172 1317 1316 1351 postulat.
1360 1316 1409 1343 Sic
1428 1316 1540 1351 legitur
1559 1314 1674 1351 μυθέαι

475 1363 530 1390 Od.
561 1362 590 1390 2.
622 1363 677 1390 202
707 1359 849 1397 πωλέ(αι)
870 1364 898 1391 4.
921 1365 986 1392 811.
1016 1363 1144 1400 μυθεῖαι
1168 1365 1196 1392 8.
1220 1366 1282 1392 180.
1316 1365 1396 1392 νεῖαι
1421 1365 1470 1393 12.
1493 1366 1555 1392 141.
1586 1360 1673 1391 αἴδεο

473 1407 603 1445 (aidano
625 1412 661 1439 11.
681 1411 731 1439 21.
755 1412 799 1439 74.
831 1406 930 1439 αἰδεῖο
952 1413 1007 1441 οᾱ.
1028 1413 1056 1440 9.
1079 1414 1144 1441 269.
1175 1414 1210 1441 11.
1231 1413 1281 1442 24.
1303 1415 1368 1441 503.
