1642 2677
721 88 766 122 29

147 170 184 206 in
214 183 260 206 εω
292 172 503 208 exeuntibus
533 185 550 208 ε
577 184 655 210 eum
681 172 844 218 sequenti
869 185 899 214 ε,
923 184 967 218 ει,
994 172 1041 219 [η]
1067 171 1104 206 in
1129 181 1237 205 unum
1263 179 1344 203 con-

101 220 104 224 ’
145 228 330 264 traxisse».
391 228 497 271 Quae.
520 230 642 275 opinio
680 231 767 265 nixa
803 233 857 265 est
893 229 949 264 his
989 228 1114 274 paucis
1152 225 1344 270 exemplis:

146 283 285 319 ἐποίειν
311 296 355 321 ex
380 286 483 322 titulo
509 287 649 323 milesio
675 299 697 323 a
722 287 840 323 medio
866 290 968 322 sexto
995 285 1137 330 saeculo,
1158 282 1345 318 ἐπικαλεῖν

145 342 197 389 (in
217 343 326 378 titulo
352 344 522 390 scriptum
548 348 619 380 stat
644 345 827 392 ἐπικαλεῖν)
860 355 904 380 ex
929 344 1034 380 titulo
1059 341 1200 378 milesio
1227 352 1249 375 a
1273 350 1344 375 me-

146 400 206 435 dio
232 400 355 446 quinto
381 403 522 448 saeculo,
544 402 756 449 [ἐπεστ]άτει
781 414 825 438 ex
851 402 955 438 titulo
975 401 1082 437 Pario
1101 412 1123 435 a
1140 400 1211 435 fine
1230 397 1346 444 quinti

145 458 278 494 saeeuli.
327 459 385 495 Ad
408 459 485 495 haec
511 460 612 496 addit
638 461 804 507 exempla
828 472 872 496 ex
898 463 1024 506 quarto
1052 458 1182 494 saeculo
1209 454 1344 492 ἀδικεῖν

145 514 241 562 (bis),
265 516 421 559 τελείτω,
446 517 635 552 ἐπιτελεῖν.
684 518 760 553 Hac
786 529 899 564 parva
924 528 1032 552 manu
1059 515 1219 551 validum
1246 524 1346 565 exer-

146 572 254 607 citum
294 573 373 619 plus
405 585 510 619 quam
545 575 636 610 1000
667 586 841 610 consensu
873 575 1104 621 plurimorum
1133 577 1169 608 et
1195 571 1345 618 optimo-

147 641 223 665 rum
261 631 422 666 codicum
461 629 659 667 solutarum>
684 633 877 668 formarum
909 632 1094 678 Herodoti,
1121 642 1159 667 se
1185 629 1345 665 confrac-

145 691 261 722 turum
286 693 498 733 arroganter
521 690 679 725 confidit.
721 691 769 724 At
795 701 879 725 vero
900 690 1024 734 quanti
1041 690 1117 724 haee
1136 689 1209 723 sint
1227 698 1344 722 exem—

145 745 217 791 pla,
242 745 389 792 propius
407 745 618 782 intueamur.
652 746 782 782 Omnia
799 747 917 792 quarti
940 747 1058 782 saeeuli
1079 749 1246 792 prompta
1263 748 1345 780 sunt

144 815 189 839 ex
212 803 519 850 inscriptionibus,
545 805 605 839 ubi
630 805 754 840 formae
779 805 933 850 Doricae,
951 805 1091 850 Attieae,
1112 804 1244 839 Ionicae
1265 813 1345 848 pro-

144 860 279 895 miscue
304 864 530 906 usurpentur.
569 861 669 896 Nihil
698 862 809 906 igitur
834 866 887 896 est
913 861 1181 907 impedimento,
1209 859 1344 905 quomi-

144 928 210 952 nus
247 916 324 952 haee
361 928 500 962 quoque
538 917 660 954 Attica
697 918 778 954 sint.
832 919 961 954 Cetera
994 918 1159 963 exempla
1191 918 1343 955 ἐποίειν,

144 968 345 1014 ἐπεστάτει,
377 973 576 1015 ἐπικαλεῖν,
606 977 644 1007 ut
670 973 742 1007 sint
767 984 850 1008 vere
875 975 1011 1019 Ionica,
1037 974 1075 1008 id
1100 974 1194 1018 quod
1219 973 1343 1008 verisi-

145 1028 229 1064 mile
255 1032 320 1075 est,
354 1028 392 1063 id
423 1033 544 1064 tamen
571 1029 741 1075 ponderis
767 1029 899 1064 habere
925 1040 996 1065 non
1022 1033 1179 1076 possunt,
1210 1033 1247 1064 ut
1267 1029 1344 1074 jac-

143 1089 260 1121 turam
286 1085 455 1131 omnium,
482 1097 559 1130 quae
586 1086 682 1132 apud
701 1086 922 1121 Herodotum
943 1089 1035 1131 sunt,
1062 1086 1256 1121 solutarum
1275 1085 1344 1120 for-

144 1154 281 1178 marum
302 1144 437 1188 justam
464 1143 628 1178 reddant.
667 1144 822 1178 Tantum
849 1147 967 1178 autem
993 1142 1080 1177 mihi
1100 1142 1344 1178 demonstrare

143 1200 322 1247 videntur,
360 1201 391 1236 si
430 1212 500 1246 qua
538 1201 610 1236 sint
646 1201 812 1247 exempla
843 1200 1049 1236 Herodotea
1078 1200 1345 1246 contractionis,
1378 1240 1380 1242 ,

144 1269 215 1303 non
241 1261 375 1293 temere
400 1262 436 1293 et
461 1258 728 1293 inconsiderate
754 1269 798 1293 ea
822 1269 901 1292 esse
926 1257 1135 1303 rejicienda..

238 1316 313 1350 Nee
345 1315 474 1351 desunt
506 1315 712 1361 huJusmodi
744 1315 921 1361 exempla,
951 1326 1097 1360 quorum
1125 1315 1277 1361 primum
1304 1325 1347 1349 ea

146 1374 305 1419 afferam,
331 1379 409 1419 quae
435 1385 518 1409 vere
545 1373 751 1409 Herodotea
776 1384 916 1418 censeo,
942 1377 1015 1408 tum
1043 1384 1120 1423 quae
1147 1384 1168 1407 a
1190 1372 1347 1407 librariis

145 1431 341 1476 importata
366 1431 473 1465 eredo
499 1430 795 1479 commemorabo.
1055 1428 1058 1431 ’

239 1489 356 1533 Atque
382 1488 533 1534 primum
559 1489 617 1522 δεῖ
640 1489 806 1534 (oportet,
833 1499 922 1533 opus
950 1489 1018 1534 est)
1043 1487 1195 1522 occurrit
1221 1487 1277 1522 his
1301 1488 1347 1522 49

144 1546 249 1581 loeis:
278 1550 308 1581 1.
336 1550 366 1580 s.
397 1551 436 1580 11
465 1546 558 1592 (ter).
586 1550 642 1581 42.
671 1550 725 1580 57.
752 1549 806 1580 67.
837 1549 902 1580 109
929 1545 1023 1591 (bis).
1053 1550 1129 1580 179.
1158 1549 1224 1579 199
1251 1545 1345 1591 (bis).

145 1607 181 1639 2.
217 1607 360 1638 16.s24.
396 1607 438 1637 29
471 1602 566 1649 (bis).
602 1606 678 1637 135.
717 1606 752 1637 3.
787 1606 818 1637 6.
849 1606 878 1636 9.
909 1606 951 1637 69
978 1602 1071 1648 (bis).
1101 1606 1155 1636 71.
1184 1606 1238 1636 83.
1269 1606 1344 1636 110.

148 1665 224 1696 139.
254 1665 330 1697 155.
357 1664 390 1696 4.
418 1665 472 1695 80.
503 1664 579 1695 134.
607 1663 639 1694 5.
666 1665 697 1694 4.
727 1665 781 1695 31.
810 1665 863 1695 54.
893 1665 946 1695 62.
968 1665 1021 1695 67.
1043 1664 1098 1695 79.
1126 1665 1159 1696 6.
1178 1665 1233 1695 58.
1262 1663 1294 1695 7.
1315 1664 1345 1694 2.

147 1722 229 1753 1oa.
257 1720 297 1753 θ.
326 1722 378 1753 17.
407 1721 493 1751 49a.
522 1721 577 1752 51.
607 1721 683 1751 142.
713 1721 778 1752 172
805 1718 898 1763 (bis).
937 1721 1012 1751 185.
1053 1721 1087 1752 8.
1117 1721 1194 1751 143.
1229 1722 1261 1752 9.
1292 1721 1344 1751 16.

145 1779 200 1810 65.
240 1787 342 1810 κατα·
366 1778 402 1817 2.
437 1779 468 1810 7.
507 1775 579 1824 ὄξει
606 1778 723 1809 autem
750 1773 997 1809 tantummodo
1023 1773 1097 1809 bis:
1136 1778 1170 1810 3.
1201 1778 1277 1809 127.
1311 1780 1344 1809 δ.

146 1837 241 1875 68α,·
265 1834 341 1868 δεῖν
367 1836 508 1878 quater:
537 1836 566 1867 1.
584 1836 660 1866 129.
687 1835 724 1868 2.
749 1836 825 1866 133.
853 1836 1035 1868 021359,
1061 1836 1122 1878 33;
1148 1833 1243 1867 δέειν
1261 1843 1345 1867 vcro

146 1894 180 1926 8.
209 1894 264 1925 62.
302 1889 420 1932 Quare
440 1901 510 1924 non
530 1900 673 1935 possum
693 1889 739 1924 ad
759 1889 974 1925 sententiam
993 1889 1184 1935 Dindorfii,
1203 1889 1345 1925 Abichti

145 1951 414 1992 ceterorumque
439 1958 511 1982 non
537 1946 718 1992 accedere,
745 1946 805 1991 qui
826 1950 1047 1982 contractam
1068 1948 1220 1982 formam
1239 1959 1343 1982 unam

144 2016 223 2040 esse
261 2008 395 2040 rectam
428 2008 565 2049 putant.
614 2004 691 2038 ἔδεε
722 2003 854 2048 legitur
888 2004 1016 2039 14:ies:
1054 2009 1085 2039 1.
1122 2009 1175 2039 12.
1202 2008 1238 2040 ,2.
1269 2008 1344 2038 161.

149 2066 226 2097 179.
254 2065 287 2096 4.
315 2065 370 2096 43.
396 2064 429 2096 5.
457 2065 513 2095 33.
541 2064 595 2095 38.
623 2064 653 2095 6.
684 2064 738 2094 64.
766 2063 799 2095 7.
829 2063 888 2106 9β.
916 2065 993 2095 144.
1021 2066 1055 2096 8.
1077 2063 1131 2095 80.
1159 2066 1192 2096 9.
1213 2065 1256 2095 58
1289 2065 1343 2095 98.

149 2123 226 2161 109.
251 2131 330 2153 κατ-
356 2122 389 2154 8.
418 2122 480 2163 82;
507 2119 579 2153 ἔδει
607 2117 711 2152 7:ies:
738 2121 773 2152 2.
803 2122 856 2152 15.
884 2122 919 2153 3.
947 2123 1002 2153 45.
1031 2122 1086 2153 80.
1114 2122 1147 2153 4.
1176 2122 1219 2153 79
1246 2118 1344 2153 ABd.

145 2178 177 2210 5.
206 2176 286 2210 926.
326 2178 358 2210 7.
389 2179 465 2210 168.
505 2178 538 2210 8.
567 2179 598 2209 6.
648 2174 807 2219 Utraque
832 2174 944 2220 igitur
968 2175 1083 2209 forma
1108 2179 1143 2209 et
1169 2175 1286 2209 soluta
1311 2179 1346 2210 et
